2812 4642
1113 221 1157 290 ta

114 389 160 456 vel
189 405 252 458 tres
283 391 425 480 deinceps
458 392 616 457 sententiae
651 383 835 477 incipiant¹).
888 392 1106 480 Atqueetiam
1133 388 1213 457 idern

113 491 297 558 vocabulum
324 491 444 559 diversa
472 489 686 578 significatione
714 489 799 556 brevi
829 489 987 557 intervallo
1005 493 1135 580 positum
1157 515 1212 558 re-

113 593 236 679 peritur.

212 693 279 756 Jam
298 694 333 775 si,
357 690 478 781 qualem
497 698 527 758 in
548 688 648 758 verbis
672 690 840 779 deligendis
863 713 896 758 se
915 692 1089 779 praestiterit
1107 693 1213 772 Quin-

112 791 247 873 tilianus,
271 794 440 881 ¹quaeritur,
474 813 599 858 cernere
631 791 701 859 licet
735 795 763 858 in
791 813 826 858 eo
852 813 1030 879 expressam
1057 791 1211 880 quodam-

112 891 201 957 modo
227 890 305 958 iilius
332 893 431 956 aetatis
458 896 615 959 rationem.
655 893 777 959 Illorum
796 895 876 958 euim
891 904 1061 978 temporum
1075 891 1210 959 homines

112 993 236 1056 minime
263 1013 297 1056 ea
326 989 488 1056 verborum
521 995 622 1080 copia,
643 1012 739 1082 ‘quam
767 992 943 1058 hereditatis
969 994 1055 1079 quasi
1082 990 1145 1058 loco
1172 994 1212 1061 ab

111 1092 243 1180 antiquis
261 1104 456 1178 acceperant,
475 1094 606 1157 contenti
631 1095 659 1157 in
684 1094 769 1159 novis
789 1090 889 1157 verbis
917 1090 1064 1178 tingendis
1091 1113 1211 1159 summo

111 1212 183 1256 cum
222 1190 323 1257 studio
362 1191 572 1258 versabantur.
624 1193 730 1282 Neque
767 1195 796 1259 in
836 1193 891 1257 bac
926 1212 960 1256 re
993 1193 1113 1257 omuino
1139 1207 1211 1260 sunt

111 1288 367 1378 reprehendendi,
404 1294 429 1356 si
466 1291 587 1380 quidem
627 1290 691 1358 fieri
727 1315 784 1358 non
819 1305 934 1381 potest,
962 1294 1034 1380 quin
1060 1290 1098 1356 ad
1126 1313 1210 1376 eam,

111 1411 181 1480 quae
207 1412 327 1481 quaque
354 1404 445 1458 aetate
473 1394 572 1477 viget,
599 1393 746 1458 sentiendi
772 1391 1020 1458 consuetudinem
1046 1391 1209 1460 verborum

113 1493 190 1556 ratio
207 1491 461 1557 accommodetur.
498 1494 605 1582 Neque
627 1505 727 1581 potest
746 1493 848 1579 negari
867 1504 1007 1578 argentea
1027 1502 1118 1557 aetate
1136 1515 1209 1559 ser·

111 1613 228 1657 munem
263 1591 399 1681 plurimis
433 1590 589 1657 vocabulis
614 1615 682 1659 esse
709 1605 849 1676 auctum,
876 1613 945 1681 quae
973 1592 1077 1656 miram
1105 1612 1208 1681 quan-

110 1689 180 1756 dam
221 1693 282 1757 vim
319 1706 413 1782 atque
443 1689 670 1778 significantiam
699 1691 853 1758 baberent.
907 1694 951 1757 Ac
978 1693 1108 1758 maxima
1135 1696 1210 1782 qui-

110 1788 179 1855 dem
207 1795 339 1857 accessio
365 1789 509 1857 iactaest
527 1814 621 1881 quum
648 1795 767 1858 omnino
783 1794 811 1858 in
831 1789 1009 1857 Nominibus
1037 1805 1101 1857 turn
1122 1814 1208 1880 pree-

110 1892 200 1978 cipue
237 1894 266 1956 in
305 1890 512 1957 Substantivis
548 1891 726 1974 abstractis,
765 1913 893 1981 quorum
927 1892 1083 1978 superiore
1116 1906 1209 1960 aetate

110 1992 238 2078 exiguus
264 2013 410 2056 numerus
437 1991 546 2058 fuerat.
598 1991 756 2057 Accedunt
783 1993 859 2056 artis
886 1989 1049 2070 vocabula,
1077 2013 1208 2080 quorum

111 2089 358 2157 innumerabilem
392 2094 509 2181 copiam
544 2088 591 2157 illa
619 2104 694 2157 aetas
720 2089 837 2156 effudit.
890 2091 996 2177 Neque
1022 2088 1093 2155 illud
1122 2114 1206 2179 prae-

112 2193 202 2256 terire
236 2203 368 2280 oportet,
406 2191 486 2280 quod
515 2193 543 2255 in
570 2191 700 2258 solutam
727 2194 891 2256 orationem
918 2189 968 2256 illa
995 2201 1086 2256 aetate
1112 2191 1206 2257 multa

110 2288 256 2356 vocabula
284 2313 300 2356 a
330 2294 426 2378 poetis
453 2291 522 2356 ficta
551 2304 624 2356 sunt
650 2304 781 2379 recepta.

212 2391 314 2470 Quum
341 2395 432 2479 igitur
458 2403 549 2456 aetate
577 2391 731 2470 Quintiiini
766 2391 874 2456 mirum
901 2390 929 2454 in
956 2387 1079 2455 modum
1106 2412 1207 2458 sermo

109 2493 195 2556 novis
224 2492 379 2558 vocabulis
408 2489 607 2579 locupletatus
633 2505 731 2575 esset,
758 2492 879 2556 minime
906 2488 953 2555 ille
972 2512 1006 2555 ea
1025 2506 1207 2578 aspernatus

107 2605 162 2659 est
215 2595 321 2681 Itaque
349 2592 459 2659 multas
487 2591 577 2658 babet
604 2615 709 2674 voces,
738 2613 807 2681 quae
833 2603 903 2656 ante
928 2603 1051 2656 aetatem
1076 2592 1206 2678 Augusti

108 2715 166 2758 nou
199 2696 259 2760 sint
292 2705 456 2781 usurpatae.
508 2693 592 2770 Quas
625 2713 719 2782 quum
747 2713 851 2756 omnes
877 2711 1057 2756 enumerare
1083 2690 1205 2822 longum

109 2795 149 2858 sit
156 2813 300 2879 ,genera
329 2813 433 2858 earum
464 2790 598 2857 breviter
624 2812 821 2880 exponamus.

210 2895 254 2959 bc
280 2897 411 2981 primum
439 2891 562 2982 quidem
590 2890 688 2981 aliqua
716 2888 860 2956 vocabula
890 2889 981 2957 babet
1008 2912 1078 2958 cum
1095 2888 1206 2957 solutae

106 2995 248 3058 orationis
275 2993 474 3080 scriptoribus
502 2991 580 3057 iliius
598 2994 697 3058 aetatis
717 2990 764 3057 illa
783 2991 906 3078 quidem
925 2994 1111 3071 communia,
1135 3012 1205 3080 quae

107 3093 155 3158 vei
182 3092 272 3158 aliam
300 3087 578 3161 terminationem³i
611 3091 742 3157 babeant
769 3103 861 3179 atque
886 3090 967 3179 apud
989 3094 1130 3182 antiquos
1157 3090 1205 3156 vel

106 3193 221 3258 insolita
250 3191 344 3257 forma
374 3204 519 3280 usurpata
549 3193 624 3272 sint,
652 3204 685 3256 ut
712 3192 844 3260 alveare
872 3213 926 3281 pro
947 3195 1112 3270 alvear-rb,
1142 3217 1204 3258 au·

106 3296 215 3359 dantia
238 3313 293 3378 pro
314 3296 468 3376 audacia,
497 3301 680 3380 auspicatus
706 3291 796 3378 Sup,
824 3297 1019 3361 consortium
1050 3311 1104 3376 pro
1128 3315 1204 3358 con·

106 3398 266 3470 sortione,
293 3394 495 3471 contradico,
526 3399 639 3459 ceruix
659 3389 742 3478 Sing.
764 3390 902 3482 effictus
924 3384 1075 3477 Comp.⁴),
1096 3415 1203 3456 emen-

107 3492 204 3556 datus
238 3487 371 3578 Superi,
404 3491 525 3557 nabun
553 3512 608 3580 pro
629 3493 790 3568 Fabiano,
806 3493 947 3579 fabrico
976 3488 1058 3580 Act,
1086 3491 1209 3558 herous>

105 3610 160 3678 pro
182 3589 319 3667 heroico,
333 3593 497 3682 jactantia
521 3610 574 3675 pro
591 3595 788 3683 jactatione,
810 3597 943 3657 meritus
954 3586 1088 3676 Superi,
1100 3614 1202 3683 prae-

103 3695 202 3780 stigia
235 3687 310 3776 Sing
344 3689 463 3775 (b,1‚77)
497 3691 650 3757 sollicitus
671 3687 791 3775 Comp,
813 3692 947 3783 squalor
969 3690 1067 3771 Pium,
1088 3715 1204 3781 super·

173 3819 200 3882 l)
219 3817 268 3866 Otr.
286 3816 312 3876 8,
331 3817 356 3876 6,
374 3815 421 3877 64;
440 3813 465 3876 9,
483 3815 508 3876 2,
526 3814 574 3877 69;
593 3816 635 3875 10,
649 3816 672 3874 1,
685 3815 732 3877 233
745 3815 771 3876 2,
784 3815 886 3866 10-12
898 3824 924 3868 et
936 3833 991 3884 qum
1003 3825 1049 3870 ott.
1062 3819 1145 3871 Boon.
1157 3821 1174 3872 1.
1184 3822 1204 3871 l.

172 3886 199 3950 2)
218 3885 267 3934 Cir.
286 3884 312 3943 3,
325 3885 372 3945 ι10,
390 3887 419 3946 43
437 3883 464 3946 7,
483 3886 507 3944 1,
527 3885 568 3945 10,
587 3885 628 3934 11.

171 3953 199 4017 3>
218 3953 268 4003 Cir.
288 3955 381 4006 Franco,
401 3955 432 4004 de
449 3957 519 4004 imm.
538 3955 556 4003 l.
574 3954 592 4003 l.
612 3968 664 4004 son.
685 3970 739 4019 cap.
758 3952 795 4004 XI
814 3958 830 4020 5
850 3954 890 4005 12.

171 4021 199 4088 4)
215 4021 271 4071 Hoc
289 4024 357 4088 apud
375 4024 500 4076 inferioris
519 4022 620 4076 demum
639 4024 722 4078 macir
741 4024 876 4088 scriptores
895 4026 1029 4076 invenitur.
