2812 4642
1100 206 1106 214 ·
1150 183 1188 248 ll

148 350 317 419 consultum
330 352 378 432 sit,
393 362 425 413 ut
441 369 534 437 quum
548 371 710 436 pronomen
726 349 883 414 relativum
905 363 1010 416 neutro
1028 371 1136 437 genere
1152 350 1244 415 semel

149 453 281 541 positum
295 448 332 515 ad
345 450 404 515 duo
417 449 520 530 verba,
537 471 665 536 quorum
681 449 808 515 altarum
822 449 967 537 subjecto,
986 451 1115 516 alterum
1131 450 1247 537 objecto

151 550 392 638 conjungendum
422 549 525 631 luerit,
554 563 600 612 cst
630 543 799 635 relatum¹).
851 551 887 614 Et
919 551 1047 636 subjecti
1083 554 1110 614 in
1140 551 1246 613 eadem

150 654 301 717 sententia
330 652 454 714 mutatio
482 648 645 712 admodum
673 648 779 713 crebra
806 661 853 713 est
880 650 959 738 apud
987 643 1248 737 Quintilianum⁹).

150 755 256 839 Neque
284 749 356 815 illud
384 763 431 813 est
459 748 719 834 praetereundum,
745 748 823 837 quod
854 772 910 813 non
939 753 1013 814 satis
1040 763 1110 835 apte
1128 771 1249 836 semper

149 853 376 916 enunciationes
404 851 479 912 inter
506 869 539 912 se
567 869 653 911 nexae
681 861 765 931 sunt,
793 851 857 912 sive
881 849 960 938 quod
981 851 1134 930 transitus,
1152 871 1246 937 quum

150 950 229 1016 desit
256 947 376 1038 aliquod
404 946 574 1026 vinculum,
602 946 756 1034 abruptior
789 943 882 1034 est³),
910 951 976 1014 sive
1003 947 1083 1037 quod
1111 970 1248 1036 sequen-

150 1054 191 1116 tia
231 1072 336 1138 parum
375 1063 446 1113 sunt
479 1046 515 1109 ad
544 1048 641 1135 priora
672 1042 907 1135 accomodata⁴).
961 1049 1098 1137 Denique
1129 1048 1249 1113 videtur

151 1151 208 1215 hoc
246 1150 308 1213 loco
349 1145 609 1213 commemoranda
644 1147 690 1212 illa
726 1147 902 1226 Quintiliani
933 1147 1133 1230 consuetudo,
1168 1147 1249 1237 quod

151 1249 362 1315 similitudines
395 1269 477 1334 saepe
511 1247 565 1333 ipsi
599 1249 724 1312 orationi
759 1247 923 1336 implicavit
959 1262 990 1313 et
1025 1271 1062 1314 ex
1096 1250 1250 1337 insperato

153 1348 260 1435 rebus,
286 1349 396 1438 quibus
423 1344 606 1412 illustrandis
633 1349 827 1431 inservirent,
853 1343 1036 1435 annexuit⁶).

256 1453 357 1539 Atque
383 1450 502 1512 omnino
537 1448 565 1510 iu
602 1449 715 1511 ratione
742 1451 907 1512 sententias
934 1447 1131 1514 concludendi
1158 1464 1250 1537 atque

153 1555 231 1617 inter
258 1571 291 1614 se
319 1547 470 1612 vinciendi
493 1546 697 1625 Quintilianus
721 1568 736 1610 a
761 1546 912 1614 Ciceronis
938 1548 1024 1613 lauda
1045 1548 1129 1635 longa
1146 1549 1250 1632 abest,

154 1654 179 1716 si
208 1649 332 1739 quidem
360 1651 524 1713 orationem
552 1646 677 1712 fractam
697 1661 728 1712 et
748 1650 775 1712 in
795 1646 897 1713 brevia
921 1648 1054 1713 membra
1073 1649 1267 1714 dissolutam·

154 1755 276 1816 minime
311 1763 491 1836 aspernatus
526 1760 581 1811 est.
641 1749 707 1812 Non
740 1759 811 1812 sunt
843 1751 935 1835 igitur·
962 1748 1042 1835 apud
1070 1748 1151 1814 illum
1180 1749 1251 1814 lon—

153 1855 252 1939 giores
279 1849 336 1914 illae
362 1864 393 1913 et
419 1848 506 1936 quasi
534 1845 671 1912 rotundae
699 1847 861 1912 verborum
888 1850 1171 1937 comprehensiones
1191 1872 1250 1913 ne-

152 1973 212 2040 que
245 1972 299 2038 per
331 1947 496 2036 particulas
528 1947 744 2011 sententiarum
774 1950 851 2012 iuter
877 1971 911 2014 so
938 1952 1083 2014 transitus
1112 1954 1150 2014 ita
1179 1962 1250 2015 sunt

154 2051 275 2132 muniti,
307 2061 341 2113 ut
373 2047 431 2111 leni
457 2050 544 2135 quasi
571 2058 602 2110 et
628 2045 766 2134 aequabili
794 2061 893 2112 tractu
922 2051 1016 2112 oratio
1043 2048 1137 2114 llnera
1161 2050 1252 2114 vidc-

153 2164 231 2215 atur.
269 2151 369 2236 Atque
394 2146 522 2232 singulae
550 2145 711 2210 verborum
739 2147 1020 2234 comprehensiones
1046 2149 1153 2237 quales
1176 2152 1249 2231 sint,

154 2252 179 2314 si
219 2251 401 2338 quaerimuS,
440 2259 582 2334 apparet,
611 2267 667 2309 non
696 2245 723 2308 id
752 2249 851 2330 egisse
877 2251 1070 2334 scriptorem,
1100 2262 1133 2313 ut
1151 2272 1253 2314 enun-

155 2351 297 2414 ciationes
325 2347 505 2410 arctissimis
532 2343 662 2408 vinculis
689 2347 766 2408 inter
784 2367 817 2408 se
837 2347 996 2434 implicntae
1016 2350 1250 2429 continerentur,

155 2447 210 2513 sed
237 2469 319 2535 saepe
345 2445 469 2510 alteram
498 2445 583 2509 alteri
611 2442 743 2508 additam
771 2445 979 2511 tantummodo
1003 2447 1051 2512 vel
1069 2448 1252 2533 adjunctam.

157 2546 244 2627 Quod
273 2548 406 2611 cernitur
425 2548 455 2608 iu
473 2542 728 2609 enunciationibus
754 2545 937 2627 causalibus,
967 2546 1111 2629 relativis,
1138 2548 1204 2612 aliis
1223 2551 1250 2613 in

157 2646 246 2712 finem
273 2652 433 2712 seutentiae
461 2637 628 2731 rejectis⁶),
655 2665 713 2732 qua
743 2663 775 2707 rc
801 2643 932 2728 lactum,
958 2659 991 2711 ut
1016 2646 1176 2732 langueant
1194 2648 1252 2712 illae

159 2743 401 2836 quoddammodo
427 2767 483 2810 nec
514 2745 589 2808 satis
616 2755 686 2830 apta
713 2741 801 2808 cadat
830 2745 990 2810 verborum
1019 2749 1254 2833 comprehensio.

158 2847 258 2936 Atque
278 2849 367 2912 etiam
388 2844 576 2935 frequentius
594 2856 640 2908 est
661 2843 716 2908 hoc
731 2845 757 2906 in
774 2847 936 2936 participiis
948 2846 1163 2932 etadjectivis,
1184 2869 1253 2936 quae

227 3024 254 3088 1)
273 3023 322 3073 cfr.
342 3024 367 3082 2,
386 3026 410 3082 1,
429 3022 473 3082 13,
494 3025 535 3082 12,
554 3025 599 3082 12,
623 3022 710 3077 6Pr..
728 3023 757 3081 6,
780 3023 806 3082 3,
825 3023 887 3083 109,
905 3024 931 3084 8,
949 3023 974 3084 6,
992 3025 1038 3085 21,
1057 3025 1082 3085 9,
1100 3028 1125 3085 2,
1144 3027 1190 3086 65,
1210 3029 1252 3088 11,

159 3093 182 3150 1,
200 3090 246 3150 36,
266 3095 293 3140 in
310 3093 367 3142 aliis
386 3093 486 3142 casibus
506 3091 546 3150 10,
564 3091 590 3149 3,
608 3091 649 3140 ll.
669 3090 718 3139 cfr.
738 3093 814 3140 etiam
834 3093 857 3151 1,
877 3093 918 3151 12,
936 3094 964 3152 ὅ,
984 3093 1008 3152 2,
1020 3091 1046 3153 7,
1060 3096 1073 3143 l
1086 3097 1130 3145 ubi
1141 3098 1253 3147 relativae

158 3162 329 3210 enunciationi
346 3176 391 3223 par
408 3161 579 3222 copulativam
597 3161 800 3220 coniunctionem
818 3161 899 3210 altera
917 3177 1017 3211 annexa
1035 3170 1082 3220 est,
1101 3179 1157 3228 quae
1175 3179 1205 3214 ex
1222 3180 1253 3215 ea

159 3234 219 3292 apta
237 3244 293 3278 ease
311 3228 432 3278 debuerit.

159 3377 176 3428 9
202 3311 254 3428 82)
272 3311 321 3361 Cir.
341 3312 365 3369 1,
384 3312 409 3372 2,
427 3311 473 3371 31,
494 3314 519 3370 5,
538 3312 579 3369 10,
596 3310 643 3370 30,
664 3311 704 3368 11,
722 3311 751 3370 3,
772 3311 812 3370 10,
831 3312 856 3370 2,
874 3311 919 3372 26,
940 3313 964 3372 5,
984 3313 1028 3374 19,
1049 3314 1089 3372 11,
1107 3314 1133 3373 3,
1145 3314 1192 3375 24,
1213 3317 1253 3376 12,

225 3461 253 3526 3)
272 3462 321 3512 ctr.
340 3464 364 3522 ὅ,
385 3463 425 3520 14,
443 3463 489 3521 31,
511 3462 551 3520 10,
570 3461 595 3519 6,
613 3461 643 3519 6,
665 3462 705 3520 11,
725 3463 748 3520 1,
766 3461 812 3523 73,
833 3462 873 3521 12,
892 3462 917 3521 2,
936 3463 961 3521 2,
979 3464 1024 3522 28,
1044 3464 1085 3524 10,
1103 3464 1145 3517 47.

224 3545 252 3609 4)
272 3545 320 3594 cn.
339 3545 365 3604 8,
383 3546 408 3603 3,
425 3545 471 3605 46,
501 3544 541 3603 10,
561 3546 585 3603 1,
603 3545 649 3604 62,
677 3547 744 3606 6,1,
770 3546 810 3604 11,
828 3544 853 3602 3,
871 3546 918 3604 45,
947 3546 1254 3611 12‚3,11;10,330e

161 3614 256 3662 Geruli.
276 3613 309 3661 ad
327 3613 352 3671 9,
369 3613 395 3672 3,
413 3611 455 3663 77.

225 3698 253 3763 5)
272 3697 322 3747 Cir.
342 3698 427 3762 Spald.
447 3697 480 3746 ad
498 3697 538 3756 10,
556 3694 582 3756 7,
601 3699 625 3755 1,
644 3699 688 3762 qui
706 3697 820 3761 exempla
838 3699 925 3746 attulit
943 3698 984 3758 10,
1004 3701 1028 3760 1,
1046 3702 1071 3759 4,
1089 3700 1136 3761 33,
1155 3702 1181 3762 3,
1197 3702 1252 3756 'let

159 3765 204 3824 1o;
224 3766 248 3824 4,
267 3767 298 3826 4;
318 3766 350 3816 12
368 3766 421 3823 Pr„
440 3763 485 3823 23³
504 3761 530 3824 7,
548 3766 573 3814 4.

224 3849 252 3915 6)
271 3849 321 3900 Cle.
341 3866 372 3901 ox
388 3850 478 3900 multis
497 3849 558 3900 locis
583 3850 607 3908 1,
630 3851 654 3907 2,
679 3851 723 3907 11,
743 3848 768 3906 3,
787 3849 833 3906 10,
856 3846 882 3907 7,
901 3850 947 3910 10,
966 3850 991 3909 9,
1009 3853 1038 3912 2,
1057 3854 1083 3911 2,
1102 3854 1143 3912 10,
1161 3854 1190 3911 6,
1208 3857 1251 3914 21,

155 3918 352 4035 11132ςι46ῌὲ5,
371 3918 396 3977 6,
416 3919 439 3976 1,
458 3918 505 3976 44,
525 3916 551 3976 7,
570 3919 610 3977 10,
629 3917 657 3977 9,
681 3915 707 3976 9,
725 3918 750 3976 2,
768 3917 815 3977 46,
833 3919 891 3968 vide
908 3925 1028 3982 praeterea
1045 3921 1128 3971 Bono.
1147 3921 1202 3973 Lib.
1221 3922 1252 3973 X.

179 4001 223 4034 rn.
242 4003 266 4050 p.
322 4023 327 4034 .
