2812 4642
206 116 253 183 at

157 284 272 379 quidni
306 300 363 346 non
402 301 569 368 praegressa
607 283 838 367 interrogatione
881 283 1030 368 reperitur
1039 276 1075 363 ¹).
1134 282 1218 362 Quid
1245 286 1262 352 7

156 380 236 472 quod
269 383 344 468 conj.
380 388 412 448 si
443 385 471 444 in
504 382 738 467 interrogatione
766 393 912 468 usurpata
939 376 1040 465 θεῖ’),
1096 383 1262 451 Locutioni

155 481 196 547 ilii
236 489 342 550 nescio
376 506 419 546 an
457 483 582 566 (dubito
616 482 692 563 on),
732 503 790 568 qua
831 495 951 547 veteres
977 481 1088 571 aliquid
1116 482 1261 551 modeste

153 579 307 649 affirmare
333 579 485 664 solebant,
521 580 622 659 Quint.
650 593 681 645 et
708 600 790 667 saepe
824 579 981 647 dubitandi
1017 579 1170 670 quandam
1206 585 1258 650 vei

153 680 280 768 negandi
321 688 383 773 vim
416 680 546 767 subjecit
572 693 602 746 et
632 701 843 768 nonnunquam
870 703 936 745 earn
968 681 1006 746 ad
1038 680 1255 749 affirmandum

150 780 304 868 adhibuit,
344 787 385 850 ita
425 793 525 846 tamen
561 795 594 846 ut
628 803 666 845 ex
694 782 852 846 sententiae
880 783 993 846 ratione
1020 780 1086 847 haeo
1110 780 1178 867 ejus
1209 786 1256 850 nis

153 895 235 948 esset
261 875 466 965 manifesta.⁸).

250 985 372 1067 Restat,
413 994 446 1047 ut
483 984 667 1048 transitionis
704 979 852 1069 quasdam
892 981 1036 1049 formulas
1070 979 1255 1068 efferamus,

147 1105 216 1172 quae
243 1104 338 1172 quum
365 1105 382 1149 a
410 1081 566 1148 'veteribus
593 1085 646 1146 vix
673 1084 733 1145 sint
760 1097 930 1169 usurpatae,
957 1081 1036 1170 apud
1064 1081 1165 1158 Quint.
1196 1085 1253 1148 in-

150 1186 321 1266 veniuntur,
344 1185 431 1251 adde
452 1185 552 1277 quod,
570 1184 618 1248 ad
638 1182 705 1262 boc,
727 1197 802 1247 ante
824 1189 930 1248 οιηηία
952 1188 986 1269 (i.
1006 1204 1033 1272 q.
1050 1182 1085 1246 ao'
1098 1185 1252 1268 primum)

147 1308 217 1351 cnm
239 1287 384 1379 eoquod
407 1285 443 1368 (i.
471 1306 499 1370 q.
525 1280 652 1363 aceedit,
681 1273 832 1370 quod)⁴),
864 1284 921 1351 lion
938 1274 1139 1372 ampliuo,⁵)‚
1167 1291 1251 1374 pri.

149 1407 232 1451 mum
255 1391 413 1462 omnnem,
430 1400 565 1476 propter
586 1384 675 1481 quod
693 1385 806 1477 (quoe),
823 1409 919 1475 super
940 1392 1056 1450 omnin.

216 1562 389 1628 nznffi

213 1647 241 1713 2)
259 1647 309 1699 cn.
326 1645 353 1707 7,
372 1649 396 1708 1,
412 1647 456 1707 25,
475 1649 499 1705 2,
519 1645 686 1714 Mei-on).

214 1727 243 1798 3)
260 1731 397 1798 Reponitur
414 1734 482 1782 enim
500 1732 644 1782 affirmandi
662 1746 740 1783 sensu
761 1731 871 1782 maxime
893 1730 1013 1794 antonno
1031 1730 1188 1795 superlativo
1204 1732 1249 1780 val

147 1802 331 1863 comparetiv03
351 1808 451 1860 eontra,
469 1802 513 1852 ubi
530 1801 642 1864 negandi
658 1803 710 1849 vim
726 1800 817 1858 habet,
835 1801 970 1862 oonjnnoto
987 1804 1027 1849 ent
1043 1798 1097 1849 tere
1113 1812 1172 1849 num
1189 1813 1246 1849 von.

144 1866 230 1928 ullus,
249 1884 365 1933 miquosm
382 1871 457 1920 simil.
493 1869 543 1919 Gir.
561 1869 660 1919 Buttm.
679 1869 713 1918 ad
731 1869 772 1926 12,
790 1867 832 1926 10,
850 1867 874 1917 2.

213 1951 242 2017 4)
260 1951 311 2002 Gir.
330 1952 355 2012 2,
373 1953 398 2013 4,
415 1951 458 2013 an
482 1951 524 2010 10,
541 1950 567 2012 7,
587 1952 627 2013 13,
648 1952 689 2011 12,
708 1952 749 2010 10,
767 1951 809 2002 47.
844 1944 891 2001 Est
907 1950 957 2001 hoo
973 1950 1043 2015 apud
1060 1951 1138 2001 ctoor.
1156 1950 1220 2001 inE
1240 1989 1247 2000 .

148 2018 182 2069 nd
199 2020 255 2069 Ate.
273 2018 299 2080 6,
317 2021 342 2080 1,
358 2018 386 2080 7,
403 2021 448 2071 uhi
465 2020 592 2086 signifieat
608 2021 657 2096 hoo
673 2018 839 2078 condioionn
860 2020 904 2071 nir.
923 2017 1026 2068 Herbst.
1044 2019 1078 2070 ed
1097 2018 1137 2077 10,
1155 2017 1182 2077 7,
1203 1968 1239 2070 lg

215 2104 242 2176 a)
260 2102 311 2155 on.
330 2104 417 2170 spon.
435 2105 468 2156 aa
486 2105 510 2164 i,
529 2106 553 2164 s,
572 2103 613 2163 oo,
