2812 4642
147 201 225 266 onim
253 198 332 264 illam
359 210 452 288 atque
483 201 600 286 copiam
628 199 781 265 Ciceronis
809 197 921 264 lrustra
948 194 1029 284 apud
1054 195 1137 260 illum
1155 217 1252 285 quae-

147 321 213 382 ras,
239 321 333 388 quum
360 297 442 364 aliud
470 297 622 388 quoddam
648 301 696 364 sui
714 303 814 385 operis
834 300 1004 364 institutum
1024 295 1172 363 habuerit.
1215 294 1251 361 ld

148 402 229 464 enim
255 398 458 476 Quintilianus
484 397 617 465 habebat
643 402 846 487 propositum,
872 410 906 462 ut
933 399 1031 462 omnia
1057 416 1254 484 quaecunque

147 498 186 564 ad
213 497 333 564 dicendi
359 511 455 564 artem
481 500 652 564 necessaria
671 512 773 564 essent
791 495 951 564 scribendo
973 507 1210 584 persequeretur
1219 488 1253 580 ¹).

147 598 253 687 ltaque
280 598 380 663 lacere
407 621 464 664 non
493 601 606 687 potuit,
631 599 702 687 quin
729 619 811 686 saepe
836 597 875 663 ad
901 617 954 661 eas
972 617 1020 660 res
1039 594 1252 674 descenderet,

149 719 277 786 quarum
312 699 451 764 tenuitati
482 701 539 763 nisi
571 701 685 763 siecum
717 719 753 762 ao
779 696 891 763 subtile
919 694 1036 761 dicendi
1065 715 1161 779 genus
1188 715 1250 758 non

147 800 331 862 conveniret.
389 798 456 876 Quo
496 796 627 880 lactum,
663 809 698 862 ut
722 795 904 885 quibusdam
930 794 1016 879 locis,
1043 815 1136 884 quum
1164 791 1247 858 nuda

148 909 300 986 praeoepta
337 896 453 982 tradat,
490 918 547 961 non
575 900 650 961 satis
676 896 785 985 plenus
810 911 901 985 atque
929 897 1068 983 copiosus
1097 891 1250 958 videatur.

149 994 236 1075 Quod
274 999 313 1061 ita
356 994 493 1063 luturum
527 1017 621 1084 quum
650 996 714 1083 ipse
741 998 881 1076 sentiret,
915 994 1087 1083 ubieunque
1116 989 1144 1056 id
1171 996 1251 1058 satis

148 1107 219 1183 apte
245 1117 281 1161 ac
308 1095 416 1163 decore
442 1096 507 1162 lieri
523 1107 669 1185 poterat,
704 1094 786 1161 dedit
813 1117 949 1183 operam,
976 1108 1010 1158 ut
1038 1096 1135 1157 nitore
1164 1113 1251 1180 quo-

149 1193 219 1260 dam
244 1195 373 1262 admisto
399 1196 492 1262 rebus
526 1216 632 1282 parum
662 1194 804 1283 jucundis
830 1195 974 1261 laetiorem
1002 1194 1086 1283 quasi
1114 1195 1249 1280 speciem

148 1293 328 1360 conciliaret.
380 1296 414 1361 ln
439 1319 499 1386 quo
525 1295 636 1385 aliquid
672 1293 793 1361 videtur
820 1317 875 1361 suo
901 1296 1029 1381 tempori
1057 1290 1195 1373 dedisse,
1224 1294 1252 1359 si

149 1393 270 1483 quidem
298 1398 410 1484 optime
436 1395 620 1483 intelligebat
647 1418 704 1461 non
733 1407 793 1460 tam
813 1397 912 1485 inepte
932 1407 1054 1459 veteres
1073 1389 1250 1472 imitandos,

150 1507 184 1558 ut
210 1517 268 1559 noo
295 1499 336 1561 ita
362 1495 491 1562 elocutio
518 1496 555 1561 ad
583 1497 741 1584 praesentis
767 1499 867 1562 aetatis
894 1495 1039 1559 rationem
1058 1491 1250 1558 accomodari

149 1607 268 1679 posset,
299 1596 325 1659 si
357 1595 404 1660 illa
432 1594 501 1661 boni
527 1595 639 1684 aliquid
667 1594 801 1660 haberet.
853 1596 955 1684 Atque
981 1615 1075 1681 quum
1104 1593 1250 1658 orationis

148 1691 264 1758 cultum
286 1716 344 1758 noo
371 1709 586 1784 aspernaretur
611 1697 667 1761 nisi
696 1697 831 1777 nimium,
859 1692 1106 1759 translationibus
1133 1705 1164 1755 et
1191 1693 1245 1757 si-

149 1791 366 1860 militudinibus
401 1795 577 1885 lrequonter
617 1817 692 1861 usus
731 1809 787 1860 est.
842 1793 971 1860 Videbat
1003 1795 1082 1857 enim
1110 1811 1162 1856 aas
1189 1813 1250 1856 non

149 1891 238 1958 modo
277 1892 314 1959 ad
355 1898 520 1961 orationem
559 1897 705 1961 varietate
744 1893 875 1984 quadam
914 1891 1158 1978 distinguendam
1191 1889 1249 1956 sed

150 1994 250 2076 etiam,
276 1995 302 2059 si
328 1993 417 2059 modo
443 2009 545 2062 essent
574 1998 742 2083 perspicue
768 2008 859 2082 atque
887 2006 1012 2081 apertae,
1039 1990 1077 2055 ad
1106 2012 1155 2056 res
1173 1989 1250 2055 illu-

148 2091 289 2158 strandas
316 2096 446 2159 maxime
473 2089 678 2182 portinere')).
705 2094 807 2172 Quare
826 2093 853 2158 id
873 2103 999 2157 secutus
1025 2102 1087 2171 est,
1108 2111 1159 2172 ne,
1176 2111 1247 2178 quae

149 2190 215 2276 ejus
247 2196 365 2278 generis
396 2194 570 2277 adhiberet,
608 2197 751 2261 arcessita
778 2207 881 2259 essent
907 2208 936 2257 et
964 2190 1109 2273 obscura,
1135 2187 1188 2254 sed
1217 2192 1247 2253 in

149 2293 225 2356 notis
252 2290 404 2382 clarisque
431 2293 524 2360 rebus
552 2309 756 2360 versarentur.
797 2297 841 2358 Ac
868 2304 940 2357 sunt
957 2313 1017 2370 eae,
1043 2312 1120 2377 quas
1138 2287 1246 2367 babet,

148 2389 361 2458 similitudines
400 2407 447 2479 et¹
469 2393 678 2460 translationes
717 2394 820 2480 petitae
857 2392 987 2455 maxime
1019 2411 1036 2450 e
1064 2411 1095 2454 re
1123 2387 1246 2470 bellica,

148 2488 304 2575 athletica,
337 2488 559 2581 gladiatoria³)‚
592 2516 630 2558 ex
656 2493 734 2559 omni
760 2511 870 2579 genere
897 2481 1060 2575 artium⁴)‚
1085 2508 1122 2551 ex
1150 2492 1244 2551 navi-

150 2585 316 2680 garione⁵),
341 2612 380 2658 ex
409 2616 508 2660 rerum
538 2586 715 2680 natura⁶l3
743 2591 843 2680 Atque
871 2592 900 2655 in
929 2588 986 2654 hoc
1012 2608 1122 2672 genere
1144 2585 1248 2671 quod-

150 2687 311 2757 dammodo
338 2695 447 2760 nimius
472 2707 534 2779 est,
561 2696 586 2759 si
612 2693 735 2782 quidem
762 2713 819 2756 non
847 2710 915 2754 raro
942 2685 989 2751 vel
1019 2688 1046 2750 in
1073 2705 1166 2749 unum
1194 2681 1246 2746 lo-

150 2809 219 2855 cum
247 2790 350 2880 plures
376 2792 586 2859 similitudines
604 2784 789 2878 congessit⁷)
809 2787 855 2853 vel
874 2785 1000 2851 eandem
1019 2782 1247 2850 similitudinem

148 2889 231 2974 justo
264 2890 379 2980 longius
412 2906 593 2982 persecutus
623 2885 710 2976 est⁸).
763 2886 887 2955 Accedit
914 2885 1007 2952 altera
1037 2905 1102 2967 res,
1129 2885 1158 2949 in
1186 2905 1245 2972 qua

223 3071 249 3135 1)
267 3071 318 3121 Cir.
336 3070 361 3131 3,
381 3073 404 3131 1,
425 3073 504 3132 1-4;
525 3073 566 3130 11.
583 3073 625 3124 21.

220 3154 249 3220 2)
267 3155 317 3206 cn.
335 3157 360 3215 8,
377 3153 404 3215 3,
421 3153 455 3207 72
473 3173 532 3221 sqq,
552 3154 577 3215 6,
595 3159 620 3207 4.

221 3236 249 3301 3)
267 3238 317 3289 ctr.
335 3240 360 3298 2,
381 3239 420 3298 12,
439 3241 468 3299 2;
491 3242 516 3298 5,
536 3239 577 3298 10,
597 3238 660 3298 109,
686 3239 725 3298 12,
745 3239 791 3299 22,
815 3239 841 3297 8,
858 3238 884 3297 3,
904 3238 948 3295 10,
966 3236 992 3295 9,
1012 3237 1035 3294 l,
1054 3235 1100 3293 203
1121 3235 1161 3292 10,
1181 3236 1249 3292 1,4,

151 3305 194 3365 29,
213 3305 256 3365 30,
275 3305 322 3366 33,
341 3309 365 3366 5,
386 3309 418 3358 15
437 3314 463 3357 et
481 3304 526 3365 17,
547 3308 588 3366 12,
607 3306 632 3365 3,
651 3310 679 3367 5,
699 3307 723 3366 9,
743 3309 759 3357 2
778 3314 804 3357 et
820 3306 849 3368 3,
869 3306 910 3364 10,
932 3306 973 3354 41.

220 3389 249 3455 4)
267 3387 317 3438 Cir.
336 3391 361 3448 2,
382 3392 405 3449 1,
424 3392 469 3450 12,
487 3392 513 3449 4,
530 3387 561 3451 7,
579 3391 604 3450 8,
624 3393 670 3450 15,
691 3390 732 3451 13,
749 3392 779 3451 8,
802 3390 827 3449 3,
846 3391 870 3449 2,
893 3389 921 3450 3,
950 3391 974 3447 5,
993 3389 1033 3447 12,
1052 3387 1098 3446 21,
1122 3383 1199 3435 7Ρ1.
1218 3385 1250 3444 2,

152 3457 178 3514 8,
197 3460 223 3519 5,
239 3456 287 3515 26,
308 3457 348 3515 10,
366 3459 391 3507 2.
410 3459 435 3508 2.

214 3536 250 3604 5)
268 3539 319 3590 cfr.
338 3545 363 3601 4,
383 3543 406 3600 1,
425 3541 470 3601 61,
491 3543 531 3601 10,
549 3540 574 3600 7,
595 3543 617 3599 l,
636 3541 683 3601 23,
704 3542 736 3591 12
752 3543 796 3592 Pr.
814 3542 896 3599 2-4,
916 3537 942 3597 7,
961 3541 990 3598 4,
1010 3536 1249 3596 10,37,38,11,5.

221 3610 249 3673 6)
268 3609 318 3658 Cir.
337 3613 361 3668 5,
382 3611 423 3668 12,
441 3611 471 3670 8,
492 3612 536 3668 14,
555 3609 602 3669 31,
622 3609 646 3668 9,
664 3612 689 3669 4,
707 3608 737 3670 7,
757 3611 798 3668 12,
816 3610 841 3667 2,
861 3609 905 3668 11,
926 3608 966 3665 10,
985 3607 1026 3664 25,
1047 3606 1088 3664 60,
1101 3603 1148 3664 61,
1165 3619 1252 3654 omnes

153 3682 206 3733 tere
225 3694 256 3728 ex
272 3681 386 3727 amnium
404 3684 498 3727 nature
515 3679 609 3728 ductoe.

221 3760 249 3829 7)
267 3763 318 3813 Cir.
336 3763 360 3812 2.
378 3759 403 3820 3,
422 3762 447 3820 8,
466 3760 495 3821 9,
516 3759 556 3819 13,
577 3759 623 3819 16,
641 3758 658 3810 7
675 3761 718 3810 Pr.
737 3761 766 3819 2;
786 3759 812 3817 8,
830 3757 856 3817 3,
875 3758 920 3816 10,
940 3758 980 3815 16,
998 3757 1024 3816 3,
1042 3757 1071 3815 6,
1091 3759 1115 3815 5,
1134 3755 1174 3806 16.

220 3833 250 3899 8)
267 3831 317 3883 cfr.
337 3829 422 3894 Spald.
442 3830 473 3880 ad
491 3830 516 3888 2,
534 3831 560 3887 4,
579 3828 596 3879 7
613 3833 641 3890 ,οῦ
660 3828 691 3876 12
710 3828 753 3877 Pr.
774 3828 798 3876 4„
