2812 4642
199 135 246 202 tt

146 291 317 381 casibus¹),
344 309 375 364 et
394 297 568 385 saepissime
595 293 716 386 quidem
731 313 902 383 praegressa
926 293 1135 382 praepositione
1165 311 1250 380 qua-

145 395 260 483 1515).
326 401 478 465 Praeterea
520 398 550 460 in
589 410 696 462 neutro
735 392 843 483 plurali
881 396 972 459 etiam
1009 385 1249 481 frequentius⁸>.

146 503 247 590 Atque
286 499 342 565 hoe
378 495 465 564 modo
501 518 595 586 quum
634 506 822 583 usurpantur
859 491 1033 580 Adjectiva,
1060 491 1147 557 modo
1175 511 1251 556 suos

148 621 239 666 cesus
265 598 322 665 sibi
349 596 503 683 subjectos
531 589 693 677 habeot⁴)‚
722 592 809 658 modo
837 615 906 657 oum
934 592 1076 659 Genitivo
1110 595 1139 656 in
1176 613 1251 657 mo-

146 721 210 765 rem
247 698 404 766 Substant.
442 697 601 783 conjuncta
640 688 758 779 sunt⁶).
820 693 981 782 Etiamque
1015 695 1045 757 in
1077 690 1250 757 masculino

35 848 39 855 -
148 821 259 886 genere
294 799 445 885 adjectiva
479 794 739 862 substantivorum
773 792 837 858 loeo
863 807 950 870 sunt,
976 806 1008 858 ot
1034 791 1198 881 pluraliter·
1220 804 1252 857 et

148 899 341 987 singulariter
367 889 510 988 posita⁶).
562 895 698 962 Eandem
726 896 754 958 in
781 895 950 982 participiis
975 895 1121 959 rationem
1144 892 1252 970 Quint

146 1012 271 1066 secutus
297 1011 361 1079 est,
380 1011 414 1064 ut
433 1020 467 1062 ea
496 998 676 1087 praesentia,
702 994 871 1082 praeterita,
900 993 1000 1058 lutura
1029 1005 1158 1082 auoque
1185 1013 1252 1056 nu·

152 1121 235 1166 mero
260 1113 292 1165 et
319 1120 430 1186 genere
463 1120 517 1184 pro
550 1094 758 1162 substantivis
786 1085 1000 1181 usurparet⁷),
1033 1115 1116 1182 saepe
1145 1104 1253 1157 tamen

151 1204 208 1283 ita,
236 1213 270 1266 ut
297 1202 334 1265 iis
361 1219 433 1264 suos
459 1217 551 1263 casus
579 1195 625 1260 vel
654 1192 796 1259 adverbia
825 1190 963 1282 quaedam
991 1186 1209 1280 subjiceret⁸).

251 1332 362 1398 Contra
391 1328 587 1397 Substantiva
615 1325 857 1417 quoddammodo
884 1348 939 1416 pro
964 1327 1132 1414 Adiectivis
1151 1345 1254 1390 usur-

148 1433 247 1521 pavit,
274 1433 300 1498 si
326 1430 450 1520 quidem
477 1450 512 1495 ea
541 1449 753 1517 nonnunquam
785 1448 857 1491 oum
890 1425 1048 1492 adverbiis
1077 1425 1255 1511 conjunxit,

151 1545 185 1597 ut
225 1529 329 1599 Subst.
369 1535 398 1597 in
439 1545 492 1599 tor
529 1521 743 1606 desinentia⁹).
796 1531 840 1593 Ae
873 1548 925 1615 per
951 1525 1070 1592 dicendi
1093 1523 1254 1614 quandam

149 1630 334 1698 brevitatem
360 1657 423 1699 non
451 1650 520 1694 eum
549 1626 652 1694 Subst.
677 1628 795 1714 junxit,
824 1639 856 1692 ut
874 1639 956 1692 esset
977 1633 1034 1722 qui
1052 1652 1115 1695 non
1136 1617 1252 1709 est-¹⁰).

252 1749 340 1836 Saepe
366 1744 571 1825 Quintilianus
597 1744 760 1830 positivum
788 1742 917 1827 alicujus
942 1741 1083 1828 adjectivi
1101 1737 1256 1841 voeabula

219 1927 245 1992 1)
263 1926 314 1976 ctr.
334 1927 358 1984 1,
376 1923 401 1982 9,
419 1921 444 1984 3ς
462 1923 488 1981 2,
505 1925 532 1982 4,
550 1921 591 1982 13;
611 1920 652 1981 16,
671 1922 703 1972 12
722 1919 828 1988 (nullo),
847 1922 872 1982 8,
892 1921 917 1982 6,
937 1920 972 1973 64
989 1920 1081 1987 (alio);
1108 1920 1253 1984 5115155.

151 1996 192 2046 vel
209 1996 331 2058 adjectivo
349 1995 399 2042 alio
419 1992 461 2051 11,
479 1991 503 2050 1,
522 1989 563 2051 9'13
584 1991 625 2050 12,
642 1990 668 2048 8,
686 1992 711 2039 2.

219 2093 247 2157 2)
266 2093 309 2143 Sie
325 2091 355 2142 im
373 2098 466 2150 totum,
485 2096 599 2150 tuntum,
617 2097 757 2157 quantum,
775 2091 938 2141 eontrariwm
956 2095 1017 2149 eei,
1041 2103 1070 2139 eat
1088 2087 1257 2149 abundanti,

152 2161 285 2230 confosso,
301 2159 406 2226 intepro
424 2166 472 2211 eet.
490 2160 534 2210 eir.
554 2160 637 2209 Bonn.
657 2161 689 2208 ad
707 2160 748 2218 10,
768 2159 791 2218 l,
809 2160 850 2210 20.

219 2260 248 2328 3)
264 2263 315 2312 Cir.
334 2278 365 2312 ex
383 2262 610 2311 innumerabilibus
627 2261 749 2325 exemplis
768 2260 792 2319 1,
809 2261 835 2320 8,
852 2263 878 2319 4;
897 2261 921 2319 2,
941 2260 982 2317 12,
999 2259 1024 2318 8,
1043 2259 1068 2316 4,
1087 2258 1110 2316 1,
1128 2256 1170 2315 14;
1186 2252 1216 2315 7,
1225 2255 1255 2315 3,

150 2331 192 2390 25;
212 2332 329 2394 exempla
345 2345 378 2380 ex
395 2331 523 2380 Ciceronis
541 2330 613 2379 libris
630 2330 708 2378 etiem
726 2331 753 2378 in
771 2330 845 2388 Gen,
863 2330 935 2385 Dat,
952 2328 1011 2376 Abl.
1022 2325 1256 2392 collegitNaegele-

150 2399 255 2449 baebius
273 2399 331 2447 Lat.
352 2397 409 2448 Stil.
430 2400 445 2459 5
464 2398 506 2447 25.
1206 2431 1216 2443 .

218 2496 628 2564 55555555

221 2598 248 2664 5)
267 2598 308 2649 Sio
327 2601 453 2663 reperitur
471 2601 535 2650 Gen.
554 2600 624 2649 Part.
644 2601 742 2649 neutris
759 2599 809 2661 adj.
827 2599 962 2660 adjunctus
989 2596 1030 2655 11,
1058 2595 1083 2656 3,
1100 2593 1142 2654 993
1163 2595 1205 2654 12,
1225 2596 1254 2655 9,

149 2668 176 2718 8.
213 2665 287 2727 Quod
305 2669 372 2732 apud
391 2668 470 2718 Gieer.
489 2685 540 2717 non
558 2669 666 2718 inveniri
684 2669 735 2716 nisi
752 2669 780 2716 in
798 2669 844 2731 Ep.
864 2668 895 2715 ad
912 2667 982 2715 Fam.
1002 2666 1027 2724 1,
1044 2665 1070 2723 9,
1088 2665 1104 2714 5
1121 2671 1148 2713 et
1162 2664 1194 2714 de
1202 2664 1251 2714 01.

150 2736 175 2794 2,
194 2735 235 2795 16,
254 2734 295 2794 69,
314 2737 382 2800 apud
400 2736 462 2785 Gaes.
481 2737 512 2785 B.
533 2736 560 2785 0.
580 2735 605 2794 3,
629 2736 687 2793 105,
706 2736 831 2785 Krebsius
849 2736 930 2784 docet.
967 2733 1065 2792 Quibus
1083 2739 1169 2781 tamen
1187 2733 1254 2783 loeis

149 2805 208 2854 addi
225 2812 333 2869 possunt
351 2820 429 2867 quum
447 2807 474 2853 in
491 2811 574 2853 neutr.
593 2805 659 2867 plur.
678 2805 753 2853 Verr.
766 2804 789 2860 1,
800 2802 824 2860 6,
835 2803 867 2850 15
877 2803 908 2852 de
917 2803 1002 2852 Divin.
1013 2802 1037 2858 1,
1046 2799 1089 2857 32,
1100 2799 1141 2858 68,
1155 2807 1211 2850 turn
1224 2802 1254 2850 in

150 2873 282 2937 singulari.
301 2870 364 2922 Gaes.
384 2873 416 2922 Β.
434 2874 464 2922 G.
484 2872 509 2930 1,
529 2871 569 2930 10,
588 2872 639 2921 cio.
650 2871 782 2929 1111152,
793 2869 836 2928 43,
845 2869 887 2927 91,
897 2870 959 2919 Lael.
968 2872 994 2927 4,
1005 2869 1045 2928 14;
1058 2869 1098 2927 10,
1106 2867 1150 2926 33,
1159 2869 1255 2931 quibus

150 2942 267 2990 omnibus
293 2941 355 2990 loeis
382 2946 521 2989 extremum
538 2956 583 3004 pro
610 2942 691 2989 subst.
718 2946 770 2996 est,
788 2945 815 2988 et
832 2939 895 2987 Caes
915 2939 946 2986 Β.
966 2940 996 2987 G.
1016 2936 1041 2995 6,
1059 2936 1093 2987 26
1110 2952 1129 2985 a
1151 2951 1254 2985 amomo

152 3008 259 3074 aepitim
278 3009 322 3058 eir.
341 3008 467 3074 Noegelsb.
487 3010 504 3056 l.
523 3009 541 3058 l.
561 3010 576 3070 5
594 3005 636 3066 23,
654 3009 672 3057 4
688 3014 713 3056 et
732 3006 809 3069 Seyff.
828 3008 861 3056 51
877 3007 940 3056 Lael.
959 3022 984 3070 p.
1003 3003 1044 3054 73.

221 3108 248 3174 6)
266 3109 316 3158 Cir.
336 3109 361 3167 1,
380 3109 403 3167 l,
423 3108 464 3169 283
482 3110 508 3167 4,
527 3108 610 3168 1,14;
630 3110 655 3167 5,
675 3106 715 3166 13,
735 3106 768 3158 59
787 3115 849 3170 eet;
869 3108 893 3166 1,
910 3105 936 3165 3,
957 3106 980 3166 13
998 3107 1024 3164 2,
1041 3103 1067 3165 3,
1086 3103 1252 3165 1;11,1,43;

152 3185 210 3236 eet.;
231 3179 280 3241 adj.
299 3177 349 3228 alio
367 3178 457 3240 adjeet.
478 3176 501 3235 l,
521 3177 545 3235 1,
563 3178 604 3236 21;
625 3177 648 3234 1,
667 3177 692 3234 2,
710 3178 735 3235 4,
756 3178 780 3234 5,
799 3176 840 3234 10,
859 3173 951 3226 47115.

222 3276 381 3343 7)Maxime
407 3279 519 3342 insignia
544 3278 661 3341 exempla
686 3276 741 3325 haee
768 3283 840 3326 sunt:
869 3291 926 3324 eum
943 3274 998 3324 alio
1017 3274 1107 3341 aliquo
1128 3273 1252 3324 nooitnro

152 3346 206 3413 (12,
223 3347 249 3406 8,
268 3344 541 3412 1215551115151(5,
560 3345 601 3403 10,
618 3345 672 3410 31),
691 3343 807 3394 dicendis
825 3343 860 3409 (2,
879 3342 920 3402 17,
938 3343 983 3408 35)
1008 3342 1176 3394 dicendorum
1196 3342 1252 3408 (10,

154 3413 180 3475 7,
192 3414 319 3480 1615515
337 3414 494 3465 auditurum
512 3412 609 3462 dicturi
627 3429 692 3462 euru
711 3412 818 3463 delectat
835 3413 888 3478 (ll,
906 3411 931 3470 3,
951 3410 1019 3477 157).

223 3516 252 3581 8)
270 3518 320 3566 Cir.
340 3515 370 3564 in
387 3532 441 3565 non
459 3513 555 3579 scripto
570 3513 606 3579 (3,
625 3516 649 3573 5,
667 3514 703 3579 4),
723 3513 754 3563 de
771 3513 945 3564 occidentibus
964 3512 995 3570 ei,
1013 3512 1085 3579 quod
1102 3510 1138 3576 (3,
1157 3509 1181 3570 6,
1199 3509 1254 3576 36),

156 3591 312 3648 «spumante
338 3589 484 3634 tractaturo
511 3583 547 3646 (5,
573 3583 613 3640 10,
641 3583 692 3646 15),
712 3583 745 3632 ob
764 3578 1102 3647 taurominitanum
1124 3580 1177 3645 29).
1214 3580 1256 3630 De

155 3650 283 3702 Ciceronis
301 3667 351 3702 usu
369 3652 415 3701 eir.
433 3651 559 3716 Negelsb.
581 3651 599 3699 l.
619 3652 637 3699 1.
656 3653 671 3713 5
690 3652 732 3700 28.

227 3750 802 3816 mmaemmnmmnm

161 3923 177 3976 2
203 3853 459 3972 41())ὗ1’ὲ1152,2ἐ5,
478 3850 518 3913 17;
538 3855 563 3911 4,
583 3852 606 3910 1,
625 3852 659 3901 22
678 3852 743 3917 (non
761 3851 881 3915 oratam
899 3854 925 3910 4,
945 3851 969 3908 1,
986 3847 1020 3900 73
1037 3857 1101 3911 eet,
1121 3851 1165 3901 eir.
1179 3851 1257 3901 etiam

179 3958 186 3980 r
222 3956 229 3981 t
283 3941 290 3981 i
327 3955 334 3977 i
371 3956 378 3979 t
431 3957 438 3968 ·
