2812 4642
1142 217 1202 317 '33

148 435 189 486 ut
216 420 252 487 ed
290 417 459 484 membrum
485 413 623 504 aliquod,
651 415 730 505 quod
759 429 858 482 mente
886 415 1088 507 supplendum
1115 419 1169 501 sit,
1197 410 1251 481 re-

149 519 277 589 ferenda
307 510 512 601 videantur¹).

258 655 291 718 ln
329 648 546 745 cumparattdo
583 672 657 716 usus
690 651 764 737 conj.
794 682 890 743 quam
916 648 975 715 Ιᾶῑθ
1004 663 1096 737 patei.
1149 649 1254 717 Relatfl

151 759 235 821 euim
263 764 310 816 est
330 751 375 818 ille
397 752 433 817 ad
456 775 518 817 voc.
538 762 625 825 aliua
647 752 779 834 (etiamsi
802 750 880 816 nulla
902 751 1020 836 negatio
1039 752 1256 841 praeuesserit),

151 884 247 946 mque,
260 864 455 938 contrariete,
468 864 622 938 diversus,
635 845 800 944 dupletur')
833 864 923 926 Idem
941 872 998 914 ⁰0¹1
1013 850 1108 917 mlum
1123 850 1162 916 ad
1176 851 1252 938 conj.

150 971 196 1034 et,
215 981 269 1034 ae,
288 968 318 1018 et
333 956 419 1019 Pron.
443 960 499 1048 qui
511 954 610 1031 relat,
627 950 681 1016 sed
696 953 786 1016 etiem
801 974 869 1018 cum
886 951 995 1018 Detivo
1011 953 1204 1038 conjunctum
1213 944 1253 1035 ⁸).

149 1057 224 1144 Quo
246 1075 458 1142 nonuunquam
479 1056 629 1140 excipitur
649 1073 729 1138 prou.
752 1053 821 1132 lior,
839 1051 908 1118 adv.
929 1053 1045 1132 adhue,
1063 1063 1170 1132 etrirm,
1190 1052 1253 1116 soio

151 1148 406 1243 comparutiv0⁴).
465 1153 576 1219 Pertic.
609 1168 644 1221 ut
663 1189 716 1200 -
739 1159 784 1219 itu
817 1152 995 1241 frequentur
1018 1155 1048 1217 vi
1076 1153 1253 1217 concessive

151 1269 225 1320 sunt
254 1266 422 1340 usurpetae,
449 1252 478 1318 id
505 1251 584 1343 quud
612 1274 705 1340 quum
733 1253 870 1318 Ciceroni
897 1266 963 1318 tum
991 1253 1144 1339 praecipue
1172 1253 1256 1318 Livio

153 1357 300 1419 usitatum
329 1346 417 1433 est5).
471 1356 550 1420 Tam
569 1393 613 1403 -
634 1377 730 1446 quam
759 1346 873 1439 eiiqu'ot
902 1352 973 1418 iouis
1002 1352 1064 1417 iere
1092 1350 1171 1418 idem
1200 1355 1254 1418 vi-

151 1452 243 1519 detur
270 1477 337 1519 esse
365 1475 401 1518 ec
427 1481 489 1521 nou
517 1453 754 1520 sulum-sed
778 1446 920 1538 cueur‘).
963 1450 1059 1520 Velut
1082 1455 1251 1542 saepissime

151 1566 201 1619 est
228 1576 281 1641 pro
308 1577 352 1634 eo,
380 1552 459 1642 quod
485 1565 533 1617 est
560 1543 699 1647 quasi⁷).
755 1554 800 1621 Ut
827 1552 934 1618 crebro
960 1573 1029 1617 cum
1058 1574 1140 1639 pron.
1169 1554 1253 1619 reie-

153 1656 217 1718 tivo
254 1668 285 1719 et
324 1680 393 1721 rum
432 1651 544 1718 causali
581 1652 792 1737 conjunctum,
824 1650 875 1718 ubi
903 1666 1024 1718 veteres
1052 1652 1114 1717 iere
1141 1661 1253 1749 quippe

155 1748 389 1843 usurpabant⁸).

255 1888 386 1953 Causali
411 1891 439 1951 vi
469 1909 551 1953 more
578 1900 734 1974 poetarum
759 1889 853 1975 posita
875 1888 1065 1974 reperiuntur
1092 1903 1250 1981 quatenus

152 2001 183 2052 et
211 1991 349 2081 quando,
377 1986 515 2073 subjecto
543 1981 680 2068 ineufi).

256 2123 339 2187 Dum
365 2141 421 2182 uon
450 2117 546 2183 solum
575 2118 680 2184 eedem
710 2121 738 2184 vi
765 2139 800 2184 ee
827 2121 903 2187 dum
932 2124 1026 2191 modo
1053 2134 1250 2209 usurpatum,

153 2222 207 2287 sed
237 2225 325 2286 etiem
354 2222 520 2306 praegnanti
547 2219 677 2308 quedem
704 2218 935 2306 sigriifieetione,
964 2235 997 2286 ut
1023 2224 1062 2287 sit
1088 2220 1152 2287 fere
1172 2224 1251 2289 dum

112 2406 115 2411 Ι
150 2312 411 2405 coucedatur¹⁰).

254 2437 287 2500 in
315 2435 598 2524 interrogationibus
625 2435 671 2502 ille
699 2435 895 2522 attendenda,
920 2437 1000 2527 quod
1028 2439 1101 2525 conj.
1126 2465 1169 2506 un
1185 2437 1250 2502 ire-

152 2539 349 2628 queutissime
388 2561 440 2625 pro
477 2563 552 2604 num
586 2541 682 2626 posite
715 2551 776 2620 est,
816 2554 965 2607 utrumne
993 2561 1046 2627 pro
1071 2533 1248 2622 utrumn),

150 2834 168 2882 4
193 2767 247 2885 761)
266 2766 315 2816 cfr.
337 2767 360 2826 l,
378 2767 404 2826 4,
422 2765 464 2826 27,
492 2768 516 2826 2,
537 2769 577 2826 14,
596 2768 620 2827 2,
649 2765 690 2827 17,
708 2767 749 2828 34,
769 2768 794 2827 4,
812 2767 837 2827 2,
854 2766 897 2828 82,
924 2767 950 2827 6,
968 2767 993 2828 3,
1012 2768 1054 2829 42,
1073 2767 1099 2829 7,
1117 2770 1142 2829 2,
1161 2770 1202 2831 20,
1221 2771 1246 2833 9,

219 2933 247 2999 2)
263 2935 308 2982 Ex.
327 2950 410 2998 quiere
428 2952 467 3000 ep.
487 2935 517 2985 B.
536 2952 556 2986 s.
581 2953 617 2996 v.;
645 2938 763 3001 frequens
791 2941 831 2987 eet
857 2953 937 3002 comp.
963 2938 1073 2989 formula
1090 2956 1144 2991 uon
1168 2942 1247 2994 aliter

150 3017 236 3066 quarn.
1240 3019 1243 3025 '

218 3099 246 3167 3)
263 3103 352 3166 Neque
378 3110 464 3156 temen
490 3111 574 3155 exstet
599 3107 668 3170 apud
694 3104 782 3166 Quint.
801 3105 870 3157 idem
888 3123 955 3168 eume
982 3122 1033 3174 que
1058 3111 1086 3160 in
1103 3125 1130 3160 re
1148 3112 1246 3164 fallitur

149 3170 278 3235 Reisigius
298 3174 313 3234 5
331 3170 390 3223 235.

216 3255 246 3320 4)
265 3256 314 3306 Cfr.
332 3256 358 3315 8,
377 3258 402 3316 5,
419 3257 461 3316 20,
481 3259 506 3317 2,
523 3257 549 3318 3,
567 3257 592 3319 9,
610 3257 635 3318 3,
653 3257 680 3319 7,
698 3258 739 3310 13.

218 3339 246 3403 5)
264 3340 313 3389 Gir.
342 3339 419 3403 seyff.
447 3341 480 3391 ed
506 3343 566 3392 Lael.
588 3361 612 3409 p.
636 3342 678 3395 78.
714 3343 746 3393 In
763 3346 900 3410 posteriore
917 3345 1029 3395 membro
1048 3349 1244 3411 eomputationis

149 3403 220 3521 {raud
245 3421 302 3522 {ero
329 3411 454 3472 reperitur
479 3427 588 3476 quoque,
611 3414 655 3463 ubi
672 3419 769 3463 veteres
788 3413 866 3465 etiam
883 3413 923 3465 rel
939 3413 1000 3463 item
1018 3414 1154 3480 aliquando
1172 3418 1244 3470 euhi-

166 3487 247 3523 ueruu
261 3510 266 3522 .

216 3555 244 3622 6)
262 3558 311 3608 cfr.
330 3558 355 3616 2,
373 3557 398 3617 3,
419 3560 458 3620 12,
477 3561 502 3622 4,
519 3561 561 3621 38,
579 3564 605 3623 8,
624 3565 648 3623 2,
665 3563 690 3623 8,
709 3563 734 3623 3,
754 3564 794 3613 15.

215 3636 244 3706 7)
263 3641 312 3691 cfr.
330 3643 432 3694 Herbet.
451 3652 477 3699 et
493 3646 576 3697 Bonn.
595 3650 628 3698 ud
646 3648 687 3706 10,
706 3648 730 3708 1,
749 3649 773 3697 5.

215 3724 244 3792 8>
262 3727 312 3776 Cir.
331 3727 423 3778 Weiss.
441 3730 475 3778 ud
492 3731 546 3780 Lir.
567 3732 590 3791 l,
608 3731 650 3791 49,
668 3731 693 3782 3.

214 3808 242 3875 9)
260 3811 310 3861 etr.
329 3812 450 3863 Ruddim.
468 3809 532 3866 luet.
555 3815 598 3866 Gr.
616 3815 650 3865 ΙΙ.
669 3833 693 3882 p.
711 3815 770 3866 353,

216 3894 259 3961 10)
276 3895 414 3947 Poetarum
432 3899 480 3951 hou
497 3915 553 3952 esse
570 3901 676 3966 ridetur.
712 3902 762 3952 Cfr.
782 3900 868 3966 Spelit
886 3903 920 3954 ed
938 3905 962 3965 l,
981 3905 1023 3965 12,
1040 3903 1072 3959 17
1084 3914 1110 3959 et
1122 3906 1151 3959 0.
1164 3907 1240 3961 John.

146 3960 180 4010 au
196 3960 267 4013 Peru.
286 3962 340 4013 Set.
359 3967 384 4023 4,
403 3967 443 4017 21.

216 4047 259 4113 11)
277 4047 326 4097 mr.
346 4049 415 4102 eeu.
434 4052 486 4106 1..1.
505 4055 521 4115 e
540 4050 598 4107 277.
