2812 4642
1134 173 1155 239 7

104 343 275 433 prolapsam
310 344 339 407 in
373 341 479 408 umbra
516 339 687 407 scholarum
714 345 791 408 inani
826 342 955 434 quodam
984 343 1202 407 sententiarum

102 443 174 512 lusu
198 442 351 509 delectari.
404 443 509 531 ltaque
537 441 626 508 taedio
653 447 849 531 praesentium
877 466 979 508 rerum
1003 455 1110 532 captus
1128 454 1202 508 stu-

101 543 150 609 dio
176 564 213 608 ec
241 542 396 607 voluntate
423 540 459 606 ad
487 563 522 606 ea
551 555 684 628 tempora
713 543 876 622 ferebatur,
894 543 1004 630 quibus
1025 541 1102 606 virili
1118 564 1200 632 quo·

103 641 173 708 dam
214 641 320 708 robore
360 641 528 729 eloquentia
570 644 723 728 viguisset.
786 646 853 723 Quo
888 643 1016 724 lactum,
1043 656 1078 708 ut
1104 664 1197 731 quum

102 746 222 810 omuino
259 744 451 831 antiquorum
490 740 604 806 dicendi
643 763 739 827 genus
776 755 840 808 tum
869 746 1000 807 maxime
1026 743 1198 824 Ciceronis,

101 842 182 932 quod
220 842 299 907 illius
325 843 424 907 aetatis
459 840 630 906 bominibus
657 863 713 906 uon
743 842 895 930 placebat,
921 863 1113 928 summopere
1139 841 1198 908 ad-

102 945 263 1008 miraretur
291 954 382 1030 atque
410 935 587 1026 laudaret¹).
640 942 747 1029 Neque
773 954 874 1008 tomen
903 956 964 1007 tarn
991 942 1105 1008 stultus
1132 956 1200 1008 erut

100 1045 293 1131 antiquorum
320 1054 446 1124 amator,
469 1055 501 1106 ut
531 1062 719 1129 quaecunque
748 1045 845 1129 prisca
874 1054 976 1106 essent
1003 1054 1095 1130 atque
1123 1041 1199 1106 bur-

101 1142 165 1209 ride
192 1155 370 1207 sectaretur.
422 1142 523 1219 Quum
552 1144 629 1205 enim
655 1141 769 1227 judicio
796 1140 935 1230 prudenti
964 1163 999 1207 ac
1024 1162 1197 1230 sanoprae-

99 1244 182 1310 ditus
218 1240 360 1332 quicquid
403 1242 524 1307 nimium
558 1255 640 1306 esset
669 1263 861 1329 summopere
888 1240 1093 1330 effugiendum
1120 1262 1198 1306 cen-

100 1337 231 1429 seret⁸),
265 1355 298 1407 ut
324 1363 341 1407 a
368 1354 510 1428 corrupto
536 1344 754 1406 sententiarum
782 1342 914 1407 llosculis
942 1339 1060 1406 dicendi
1086 1361 1197 1427 genere

100 1442 298 1524 abhorrebat,
338 1445 376 1506 ite
411 1444 531 1506 minime
568 1455 703 1505 veterum
731 1441 813 1507 illum
842 1441 994 1507 horrorem
1022 1462 1087 1505 suae
1113 1443 1196 1506 aetati

99 1544 225 1634 politiori
253 1543 413 1608 convenire
438 1535 636 1629 judicabot³).
687 1543 794 1631 Neque
821 1546 846 1608 is
872 1555 954 1624 erat,
977 1543 1028 1629 qui
1048 1554 1196 1606 oratorem
1219 1603 1228 1614 ,

99 1657 181 1711 certa
222 1641 353 1733 quedam
394 1642 487 1707 forma
525 1641 705 1730 eloquentiae
742 1646 939 1729 astringeret,
971 1663 1065 1731 quum
1092 1655 1196 1706 contra

99 1766 167 1810 eam
194 1746 279 1833 quasi
308 1743 404 1829 legem
436 1741 554 1807 dicendi
581 1742 725 1808 studiosis
752 1754 944 1831 proponeret,
964 1754 996 1807 ut
1015 1762 1136 1827 semper
1155 1742 1195 1805 ita

99 1843 247 1928 dicerent,
281 1857 315 1909 ut
342 1840 510 1929 postularet
548 1836 636 1928 res⁴).
699 1844 776 1923 Quae
804 1864 897 1931 quum
927 1844 955 1906 in
983 1853 1048 1906 arte
1076 1841 1194 1905 dicendi

97 1942 226 2010 tenenda
254 1942 421 2027 docuisset,
439 1941 646 2033 inscribendo
673 1945 795 2007 minime
821 1963 837 2006 a
865 1943 929 2006 suis
948 1942 1012 2028 ipse
1032 1941 1195 2028 praecoptis

97 2047 231 2110 recessit.
294 2043 415 2106 Omisso
455 2043 534 2105 enim
572 2041 671 2107 studio
709 2041 758 2107 illo
796 2040 833 2106 ad
872 2041 1059 2129 voluptatem
1097 2041 1193 2104 omnia

98 2142 295 2232 componendi
322 2164 431 2228 purum
459 2139 608 2230 quoddam
636 2156 727 2230 atque
758 2141 920 2207 candidum
955 2139 1071 2206 dicendi
1099 2160 1194 2226 genus
1253 2130 1256 2136 ¹

96 2255 222 2311 secutus
259 2257 315 2307 est.
378 2245 542 2325 Nimirum,
575 2264 669 2329 quum
704 2245 744 2307 ita
772 2245 912 2322 sentiret,
953 2239 1032 2306 nulla
1075 2240 1195 2303 omnino

95 2346 212 2410 virtute
246 2343 412 2407 orationem
450 2344 546 2426 magis
585 2341 785 2407 commendari
813 2362 904 2429 quam
932 2331 1196 2430 perspicuitate⁶),

95 2441 167 2509 nihil
205 2443 358 2530 antiquius
396 2439 526 2507 babebat
561 2463 652 2531 quam
680 2454 714 2508 ut
741 2462 878 2506 sermone
905 2451 1037 2529 puroet
1064 2437 1195 2504 dilucido

95 2555 242 2622 uteretur,
271 2563 361 2630 quem
390 2542 558 2630 praesertim
587 2540 624 2604 ad
652 2540 820 2607 docendum
848 2539 966 2606 videret
991 2540 1193 2626 aptissimum.

95 2645 202 2731 Neque
237 2661 309 2706 vero
343 2665 401 2707 non
435 2641 579 2730 quicquid
605 2640 732 2706 docebat
757 2643 837 2726 aptis
868 2639 1013 2728 exemplis
1044 2637 1194 2702 illustrare

95 2757 126 2808 et
152 2742 331 2808 confirmare
357 2762 447 2830 quam
476 2743 606 2805 maxime
637 2740 796 2823 studebat,
826 2762 886 2830 quo
913 2749 1063 2826 praecepta
1098 2757 1193 2824 quum

95 2844 253 2908 varietatis
279 2840 424 2931 quiddam
452 2839 597 2906 baberent
623 2853 688 2906 tum
717 2839 885 2928 legentibus
911 2837 1040 2904 faciliora
1058 2835 1096 2901 ad
1115 2857 1191 2924 per-

92 2941 262 3030 cipiendum
301 2952 412 3006 essent.
477 2939 564 3020 Quod
596 2963 689 3030 quum
718 2940 809 3005 luerit
836 2942 965 3004 maxime
991 2950 1131 3019 secutus,
1158 2948 1192 3000 ut

93 3042 132 3109 ab
159 3040 299 3107 omnibus
331 3040 557 3126 intelligeretur,
583 3042 695 3106 lactum
722 3053 784 3123 est,
813 3054 846 3105 ut
872 3041 966 3104 oratio
984 3037 1050 3123 ejus
1068 3058 1103 3101 ea
1123 3033 1191 3099 ole-

90 3145 201 3230 gantiae
230 3139 318 3206 laude
345 3153 486 3228 praestet,
512 3161 571 3228 qua
598 3138 636 3204 ad
663 3143 856 3228 antiquorum
885 3141 1030 3203 rationem
1053 3137 1188 3224 proxime

92 3241 237 3308 accedere
266 3239 414 3305 videatur.
467 3239 554 3319 Quod
582 3243 607 3307 si
637 3254 736 3306 tamen
764 3261 833 3305 cum
860 3240 1003 3306 Cicerone
1022 3240 1080 3300 erit
1101 3256 1189 3299 oom-

91 3335 266 3429 parntus⁶),
292 3340 407 3429 patebit
430 3343 507 3406 iuter
533 3362 584 3406 eos
611 3340 772 3429 plurimum
800 3343 954 3404 interesse.
1004 3336 1188 3402 Varietatem

178 3500 189 3564 )
208 3500 259 3549 un.
279 3503 305 3561 1,
321 3502 347 3560 s,
366 3501 391 3560 e;
409 3503 434 3561 s,
454 3503 478 3560 1,
497 3501 608 3553 24-27.

178 3584 188 3648 )
207 3584 256 3634 un.
274 3584 300 3643 s,
319 3583 344 3642 3,
362 3586 409 3645 423
431 3586 471 3643 11,
491 3587 514 3643 1,
533 3585 580 3646 91;
601 3587 641 3644 12,
662 3586 702 3644 ro,
720 3585 761 3635 eo.

163 3502 176 3550 l

159 3585 176 3634 2

159 3667 176 3717 3

177 3667 187 3732 )
206 3667 256 3717 cn.
275 3667 300 3726 8,
319 3669 343 3726 5,
361 3667 396 3717 33
413 3684 471 3732 sqq3
491 3669 531 3727 12,
551 3669 591 3727 10,
610 3671 651 3718 45.

159 3751 606 3817 Nffisthffimfflm

160 3837 187 3900 5)
206 3837 256 3886 Gir.
276 3838 300 3896 1,
319 3836 343 3895 6,
362 3838 405 3895 41,
424 3837 449 3895 2,
467 3835 493 3895 3,
511 3837 536 3886 8.

158 3903 185 3968 6)
205 3906 272 3954 Vide
291 3905 323 3954 A.
342 3905 465 3968 Campani
493 3905 579 3969 Gomp.
608 3904 659 3955 Cic.
688 3912 714 3954 et
741 3903 829 3966 Quint.
858 3922 944 3972 praem.
963 3907 1019 3956 Lib.
1038 3905 1062 3954 X
1080 3918 1095 3950 a
1115 3902 1190 3950 Frut-

93 3974 169 4024 ehsro
189 3974 264 4032 odito,
284 3975 378 4023 Funcc.
398 3975 415 4022 1.
435 3974 452 4022 l.
475 3990 496 4024 o.
517 3974 565 4032 VI,
589 3975 604 4035 ᾖ
624 3974 668 4023 20.
1128 4015 1132 4021 .
