2812 4642
1149 193 1193 257 25

148 365 253 450 magis
278 371 403 423 auctum
436 378 506 423 oum
541 359 748 445 comparativo
781 357 905 424 alterius
931 351 1136 446 copulavit¹),
1164 378 1249 444 prae-

145 462 256 523 sertim
285 459 309 523 si
336 457 415 524 illius
441 459 667 545 comparativus
693 478 749 522 ooo
777 461 851 524 satis
879 462 1011 525 usitatus
1037 470 1102 522 erat
1133 456 1248 522 autad

148 557 323 623 evitandam
349 555 478 623 eandem
506 559 663 645 utriusque
689 556 865 624 clausulam.
925 563 990 624 Duo
1021 559 1249 644 Comparativos

151 679 204 745 per
236 691 305 733 non
334 661 373 723 ita
408 660 485 722 inter
511 678 545 722 se
572 657 736 743 conjunxit,
765 672 798 722 ut
816 660 912 724 solent
938 658 986 724 alii
1013 679 1066 746 per
1093 688 1188 749 quum
1218 660 1251 741 3,

151 760 183 843 8,
212 761 268 826 60.
323 761 476 825 Praeterea
504 757 540 822 ad
562 758 623 821 vim
641 754 867 842 Adjeetivorum
886 759 1053 845 augendam
1075 757 1248 846 frequenter

151 858 290 926 adhibuit
304 857 449 925 vocabula
461 868 589 932 abunde
602 870 632 921 el
648 867 826 949 quamlibet,
849 862 1000 948 eliamque
1013 878 1079 932 tam
1101 870 1131 923 el
1147 876 1247 943 tanto,

149 981 246 1046 quum
274 983 331 1027 oon
359 973 541 1046 sequeretur
567 954 648 1041 affl),
676 961 703 1023 in
723 956 941 1048 Comparativis
968 982 1040 1026 vero
1059 970 1160 1052 loppa,
1184 972 1245 1032 ad-

152 1055 267 1146 dost),
293 1070 504 1152 aliquatenus,
558 1059 667 1124 Contra
695 1091 781 1132 unus
803 1082 873 1124 eum
900 1059 1018 1149 Superl.
1034 1061 1173 1147 junctum
1193 1063 1249 1126 nisi

153 1183 212 1226 uno
239 1160 302 1227 loeo
329 1183 386 1224 non
419 1152 614 1248 reperitur⁴).

256 1293 289 1357 In
320 1302 570 1383 pronominibus
605 1290 849 1358 demonstrativis
882 1306 912 1358 et
945 1291 1080 1359 relativis
1107 1307 1141 1360 ut
1167 1315 1250 1381 saepe

154 1395 367 1460 attractionem
392 1394 511 1479 generis
531 1394 708 1480 numerique
729 1415 857 1482 eamque
872 1389 1131 1478 insolentiorem⁶)
1148 1396 1249 1475 Quint.

153 1491 308 1576 adhibuit,
334 1495 374 1556 ita
409 1504 511 1556 tameo
543 1504 614 1557 sunt
641 1490 712 1573 loci,
741 1492 791 1558 ubi
819 1505 961 1559 neutrum
990 1499 1171 1581 pronominis
1197 1516 1251 1582 pro

153 1592 291 1680 subjecto
319 1595 450 1679 positum
479 1593 655 1680 reperiatur,
681 1596 822 1681 quamvis
850 1592 1074 1659 substantrvum
1095 1595 1172 1660 alius
1194 1617 1251 1682 ge-

155 1695 236 1758 neris
260 1685 453 1781 sequatur‘).
505 1690 585 1771 Quid
604 1693 620 1757 ?
638 1693 717 1781 quod
743 1696 835 1758 etiam
862 1696 897 1759 iis
916 1693 1004 1803 tacis,
1021 1694 1071 1761 ubi
1090 1715 1252 1783 pronomen

155 1792 193 1858 ad
234 1806 352 1858 certum
391 1790 544 1880 quoddam
582 1791 762 1858 vocabulum
795 1793 900 1858 referri
927 1793 1080 1875 debuerit,
1108 1795 1252 1860 neutralis

156 1892 251 1958 forma
286 1892 323 1956 ad
359 1904 452 1956 totam
488 1913 550 1956 rom
579 1891 794 1978 designandam
822 1897 915 1980 posita
950 1888 1044 1976 est⁷).
1098 1895 1254 1962 Nonnullis

157 1993 229 2058 loeis
247 1991 522 2058 demonstrativum
538 2004 609 2057 ante
624 1991 783 2058 relativum
802 1993 976 2059 insolentius
994 1999 1139 2078 omissum
1160 1992 1252 2077 rst⁸).

258 2125 345 2190 Pron.
372 2137 424 2199 hio
445 2138 475 2190 rt
498 2135 552 2199 ille
578 2147 660 2215 saepe
681 2129 719 2191 ita
740 2131 818 2191 inter
836 2146 869 2190 se
888 2128 1020 2212 opposita
1041 2141 1126 2212 sunt,
1147 2141 1179 2194 ut
1201 2137 1255 2201 ille

157 2224 194 2291 ad
222 2228 346 2316 propius
373 2225 502 2315 aliquid,
529 2238 581 2300 hic
603 2225 640 2291 ad
669 2229 813 2291 remotius
842 2226 999 2290 referatur.

266 2353 401 2433 Uterque
439 2340 546 2430 plurali
588 2363 711 2408 numero
757 2355 936 2430 usurpatum
976 2357 1024 2407 est
1063 2347 1090 2408 in
1129 2344 1255 2431 singulis

157 2436 301 2527 rebus⁹),
326 2454 456 2535 quisque
490 2441 594 2508 eodem
623 2465 746 2508 numero
774 2464 843 2508 eum
872 2441 1063 2528 Superlntiro
1090 2443 1138 2509 vel
1164 2467 1254 2510 oom-

158 2543 294 2630 parativo
320 2543 513 2630 conjunctum
542 2545 633 2608 etiam
669 2544 806 2608 lominino
835 2536 1009 2629 'genere¹⁰).
1066 2557 1253 2639 Quamque

151 2778 159 2796 ,
229 2737 254 2803 1)
271 2739 386 2788 Priorem
403 2738 487 2788 loenm
505 2738 557 2787 fare
575 2739 760 2802 comparativus
779 2745 858 2800 tenet,
878 2740 922 2790 eir.
941 2741 1045 2792 Herbst.
1065 2742 1156 2800 od10,
1176 2743 1199 2802 l,
1218 2745 1256 2794 44

159 2813 186 2856 et
201 2806 286 2856 Boon.
305 2807 331 2855 in
349 2807 412 2870 prol.
430 2823 455 2871 p.
475 2807 569 2856 XXXI.

228 2905 617 2972 nmttmneffi

163 3076 195 3127 19
221 3007 255 3126 23)
271 3007 347 3068 Quod
371 3025 423 3059 non
449 3024 549 3072 semper
573 3011 737 3074 prepositum
763 3017 815 3071 est,
841 3011 886 3061 ofr.
905 3011 1000 3076 Zumpt
1017 3012 1045 3061 in
1068 3009 1157 3078 Suppl.
1180 3014 1213 3064 ad
1229 3013 1255 3072 2,

226 3179 254 3244 4)
273 3178 322 3227 Gir.
341 3178 424 3227 Boon.
443 3177 475 3227 ed
494 3176 535 3235 10,
555 3177 578 3235 1,
598 3176 638 3228 59.
1093 3207 1095 3210 >

229 3279 256 3344 5)
272 3279 324 3329 Gfr.
345 3279 368 3339 l,
386 3282 411 3339 5,
428 3279 470 3341 33,
490 3281 515 3338 5,
534 3280 575 3337 10,
593 3279 635 3340 20,
655 3277 679 3338 6,
698 3279 723 3338 2,
741 3279 765 3340 9,
784 3280 809 3340 9,
827 3280 853 3340 3,
872 3280 913 3341 92,
934 3282 974 3340 11,
993 3280 1018 3340 3,
1037 3284 1079 3332 45.

165 3445 174 3493 l
230 3375 258 3441 6)
276 3379 326 3428 Cfr.
347 3382 371 3457 5,
390 3380 431 3438 11,
450 3380 475 3440 3,
497 3378 522 3439 7,
541 3381 566 3439 8,
585 3382 609 3442 2,
628 3381 696 3440 8,3,
716 3381 756 3442 16,
781 3382 806 3440 9,
824 3382 849 3441 3,
866 3382 908 3443 49,
929 3382 969 3442 11,
988 3382 1013 3442 3,
1031 3383 1065 3433 43
1083 3390 1109 3433 et
1125 3384 1209 3434 Bono.
1230 3387 1257 3434 in

177 3459 396 3510 usum&

164 3612 182 3665 s
218 3542 258 3664 lg)
277 3546 326 3596 Cfr.
347 3547 370 3606 l,
389 3547 414 3607 3,
434 3548 457 3608 1,
476 3550 500 3607 5,
518 3549 560 3608 41,
579 3548 604 3607 3,
622 3550 705 3609 10,4,
724 3552 750 3609 4,
767 3552 793 3609 2,
811 3547 852 3610 27,
872 3554 896 3609 5,
913 3549 939 3609 3,
958 3551 982 3612 1,
1002 3552 1078 3612 14,1,
1097 3551 1121 3612 6,
1139 3553 1259 3612 221151

183 3630 217 3678 po
245 3651 251 3662 .

228 3715 257 3781 8)
276 3715 325 3765 Cfr.
357 3717 378 3775 l,
405 3713 430 3774 7,
458 3716 502 3775 10,
531 3717 573 3777 11,
599 3717 624 3776 3,
642 3717 676 3769 68
693 3727 719 3769 et
736 3719 761 3778 3,
779 3721 805 3779 8,
824 3719 865 3777 59,
883 3721 926 3770 ubi
944 3722 1088 3787 praepositio
1107 3739 1165 3774 oum
1184 3723 1257 3774 relat.

97 3828 102 3837 .
161 3787 298 3847 conjuncta
315 3793 367 3843 est;
387 3785 432 3834 efr.
450 3785 512 3834 Has.
529 3787 560 3835 ad
577 3788 640 3836 Reis
659 3789 759 3838 scholas
777 3805 803 3838 n.
823 3786 882 3848 517,
902 3786 960 3842 575.
1054 3846 1057 3853 ,

229 3885 256 3951 9)
275 3887 324 3936 cn.
343 3888 368 3945 2,
386 3886 427 3946 19,
445 3889 470 3948 2,
489 3890 514 3946 5,
533 3890 574 3947 10,
591 3887 634 3946 43,
653 3887 694 3950 69,
713 3887 781 3950 6,1,
801 3889 841 3940 11.

232 3986 275 4054 10)
293 3987 343 4037 cfr.
364 3988 405 4047 12,
424 3989 465 4048 10,
483 3988 623 4042 eterno.
641 3992 703 4042 Has.
723 3993 755 4044 ed
772 3993 842 4044 Reis.
861 3993 940 4044 sehol.
958 4009 983 4044 n.
1002 3992 1060 4044 362.
