2812 4642
169 192 170 197 Ν
281 233 303 294 a

235 397 437 484 integritatem
475 394 618 463 tuendam
661 399 820 486 plurimum
860 399 952 466 studii
993 401 1175 470 adhibuisse.
1228 407 1337 496 Neque

236 518 308 562 vero
346 519 403 562 non
440 495 562 585 plurimi
601 519 719 580 corum,
758 503 809 588 qui
847 500 895 566 illo
932 516 1068 590 tempore
1094 506 1123 569 in
1148 507 1337 574 carminibus

235 595 401 662 scribendis
429 596 641 681 versabantur,
675 597 704 664 id
744 602 932 688 potissimum
960 602 1175 692 sequebantur,
1204 620 1238 670 ut
1263 628 1338 671 ser-

236 718 323 762 mone
363 709 521 765 uterentur
560 712 642 764 recto
671 713 701 765 et
729 700 900 784 emendato,
930 705 1040 792 quippe
1074 727 1167 792 quom
1195 704 1336 771 viderent

236 797 327 863 rudes
355 797 420 862 illas
447 802 637 885 superiorum
665 812 834 889 temporum
863 801 965 867 literas
983 801 1021 868 ab
1039 804 1267 890 intelligentium
1279 807 1337 893 ju-

236 899 313 965 dicio
352 897 439 988 plane
479 893 683 987 abborrere¹).
736 901 841 989 Itaque
873 913 938 966 tom
972 901 1089 988 politior
1116 903 1257 991 quaedam
1284 905 1335 969 lo-

236 997 347 1090 quendi
374 998 562 1065 consuetudo
596 1013 663 1065 nata
692 1014 754 1080 est,
787 1021 856 1088 quae
884 1000 1012 1066 nonnihil
1039 1025 1054 1066 a
1085 1002 1167 1090 vulgi
1194 1025 1334 1071 sermone

237 1098 429 1188 discrepabat
447 1121 576 1189 quaeque
604 1099 717 1166 urbano
735 1098 865 1190 quodam
884 1101 982 1166 colore
1000 1115 1066 1168 erat
1084 1106 1188 1170 tincta.
1232 1105 1332 1182 Quam

236 1199 484 1268 cousuetudinem
512 1198 718 1289 sequebantur
744 1202 778 1284 ii,
804 1204 856 1288 qui
883 1216 984 1287 postea
1012 1201 1129 1268 dicendi
1155 1202 1244 1269 laudo
1270 1203 1333 1269 sso-

236 1302 358 1383 rebant,
394 1298 489 1366 donec
529 1322 583 1386 per
617 1297 807 1383 Ciceronem,
835 1304 886 1390 qui
913 1324 1007 1389 quum
1035 1303 1071 1368 ad
1103 1306 1182 1369 varia
1212 1303 1330 1368 dicendi

235 1423 344 1488 genera
371 1423 404 1466 se
430 1399 615 1484 contulisset,
642 1400 829 1488 singularum
857 1404 1001 1488 optimam
1027 1403 1153 1469 sormam
1172 1405 1332 1491 expressit,

235 1524 335 1567 sermo
371 1503 450 1569 corni
485 1503 627 1566 orationis
661 1503 861 1566 instrumento
887 1515 934 1565 est
961 1516 1086 1570 ornatus
1112 1515 1143 1569 et
1164 1503 1202 1569 ad
1229 1517 1330 1568 certas

235 1601 317 1688 leges
357 1613 528 1667 revocatus.
594 1598 734 1684 Accedit,
760 1600 839 1689 quod
868 1604 896 1666 in
925 1602 1087 1668 verborum
1115 1605 1331 1690 compositione

235 1723 321 1767 nemo
349 1700 416 1788 plus
443 1700 588 1766 Cicerone
614 1697 706 1765 studii
734 1700 907 1785 collocavit,
933 1704 983 1790 qui
1011 1705 1173 1769 orationem
1195 1705 1233 1768 ita
1252 1724 1329 1767 con-

236 1801 392 1881 formavit,
433 1811 466 1866 ut
506 1798 599 1865 verba
638 1812 708 1885 apte
741 1813 772 1865 et
805 1821 965 1867 numerose
991 1803 1128 1868 struendi
1155 1807 1246 1867 etiam
1274 1802 1331 1867 hoc

235 1915 370 1989 tempore
407 1901 549 1988 magister
588 1898 743 1966 habeatur.
804 1901 910 1988 Neque
938 1914 1037 1967 tamen
1070 1899 1199 1968 Caesaris
1224 1900 1332 1968 laudes

234 2015 306 2067 suot
332 1998 569 2090 praetereundas,
596 2002 648 2088 qui
676 2023 768 2088 quam
796 1999 886 2066 luerit
913 1999 1064 2067 emendati
1091 2004 1238 2068 sermonis
1255 2017 1331 2067 stu-

235 2101 352 2184 diosus,
378 2123 416 2164 ex
444 2122 480 2165 eo
509 2101 638 2187 perspici
665 2114 779 2188 potest,
798 2101 877 2189 quod
898 2100 1007 2166 librum
1032 2101 1070 2166 de
1089 2104 1204 2165 ratione
1221 2103 1330 2166 Latine

233 2199 374 2291 loquendi
401 2201 587 2286 conscripsit.
639 2203 671 2265 Io
699 2221 759 2288 quo
785 2222 878 2288 quum
906 2199 1068 2288 plurimum
1095 2197 1225 2264 delectui
1251 2221 1329 2264 ver-

235 2300 341 2367 boram
382 2300 503 2382 tribuit,
541 2300 653 2386 optIme
680 2299 801 2366 videtur
829 2303 1037 2389 perspexisse,
1062 2297 1134 2386 quid
1162 2297 1252 2363 vellet
1279 2298 1328 2362 illa

233 2417 323 2483 aetas,
351 2402 468 2488 quippe
494 2421 563 2488 quae
590 2399 733 2487 quicquid
761 2398 809 2464 vel
837 2402 1028 2484 peregrinum
1046 2396 1189 2484 quiddam
1208 2408 1330 2461 sonaret

236 2501 283 2566 vel
318 2523 376 2566 usu
409 2499 597 2565 eruditorum
625 2520 681 2564 non
709 2499 783 2563 sotis
810 2493 1037 2585 comprobatum
1065 2494 1218 2560 videretur
1252 2494 1327 2558 dili-

232 2603 409 2688 gentissime
445 2591 635 2685 effugeret').
698 2597 774 2676 Quae
813 2617 907 2685 quum
943 2598 982 2660 ita
1018 2594 1145 2677 suerint,
1173 2595 1244 2686 jure,
1268 2593 1328 2659 dici

232 2713 332 2791 potest
359 2700 439 2767 illam
463 2711 587 2764 aetatem
614 2695 761 2784 singulari
789 2694 929 2785 loquendi
956 2693 1103 2775 elegantia
1136 2697 1327 2782 praestitisse3

232 2824 291 2891 qua
315 2815 415 2868 tamen
442 2798 530 2866 laudo
556 2821 613 2864 non
640 2801 680 2864 ita
707 2798 757 2863 diu
784 2794 971 2862 excellebant
998 2795 1133 2859 Romani.

336 2903 527 2969 Commutata
567 2901 646 2965 enim
686 2895 858 2986 reipublicae
896 2897 1011 2959 ratione
1043 2892 1142 2958 studia
1170 2896 1327 2959 literarum

233 3007 406 3092 artiumque
442 2997 596 3086 paullatim
630 2995 904 3062 commutabantur.
968 2995 1147 3082 Quanquam
1181 3006 1327 3080 regnante

233 3108 370 3192 Augusto
399 3101 492 3166 literae
518 3117 710 3186 summopere
742 3094 906 3177 florebant,
936 3115 1030 3182 quom
1057 3105 1088 3158 et
1115 3096 1217 3184 quicto
1245 3096 1327 3160 civi-

104 3230 107 3235 ’
204 3206 304 3270 ·.'tatis
330 3214 462 3270 statuet
481 3197 582 3265 studio
599 3199 789 3286 imperatoris
808 3196 916 3260 mirum
936 3207 1081 3282 quantum
1099 3194 1326 3282 adjuvarentur.

217 3305 270 3370 ¹‘Et
306 3325 399 3394 quum
440 3300 489 3366 illo
528 3308 663 3385 tempore
703 3298 835 3360 maxima
869 3297 967 3380 poesis
1000 3292 1100 3358 studia
1129 3297 1282 3382 vigerent,
1308 3296 1327 3359 ii

232 3408 431 3482 exstiterunt,
471 3403 522 3490 qui
562 3398 599 3462 ad
635 3415 804 3461 sermonem
833 3396 982 3482 poeticum
1010 3392 1205 3458 excolendum
1234 3409 1327 3483 atque

232 3500 478 3571 conformandum
508 3519 564 3564 non
592 3501 692 3562 minus
720 3493 857 3560 valerent
885 3515 974 3582 quam
1003 3495 1030 3558 io
1058 3493 1156 3559 soluto
1174 3492 1278 3559 Cicero
1296 3506 1327 3558 et

232 3605 335 3670 Caesar
363 3602 529 3668 valuerant.
583 3598 638 3662 Hic
664 3609 766 3660 autem
796 3615 895 3659 sermo
921 3597 1021 3659 nescio
1048 3614 1084 3658 an
1104 3604 1168 3657 tom
1194 3596 1221 3656 in
1241 3591 1327 3679 pejus

231 3705 341 3769 mutari
367 3715 493 3788 coeptus
514 3701 564 3763 sit.
605 3701 647 3762 Ac
674 3709 774 3785 potest
801 3695 857 3759 hoc
884 3696 964 3760 cerni
991 3696 1018 3758 in
1046 3693 1077 3756 T.
1103 3691 1204 3771 Livio,
1231 3694 1280 3779 qui
1309 3711 1326 3755 a

231 3809 394 3891 superioris
432 3804 531 3865 atatis
571 3795 740 3862 volontate¹
763 3795 892 3860 descivit
919 3788 1174 3882 quoddammodo,
1200 3792 1225 3854 si
1252 3792 1325 3878 qui-

227 3933 426 3945 ---———·-

302 3964 328 4028 1)
347 3963 396 4012 Cir.
416 3963 566 4019 Mommsen,
585 3963 660 4013 Ram.
680 3961 770 4010 Gesch.
789 3960 830 4009 2ze
848 3957 916 4008 Aufl.
935 3957 962 4006 11
980 3971 1005 4018 p.
1024 3952 1083 4012 430,
1102 3951 1160 4002 431.

295 4032 324 4098 2)
343 4033 392 4080 Cir.
412 4032 461 4080 Cic.
480 4030 523 4081 Br.
543 4047 563 4080 c.
581 4028 675 4090 74‚75;
694 4029 837 4081 Mommsen
856 4027 872 4075 1.
891 4027 908 4073 l.
927 4022 968 4074 III
986 4039 1010 4086 p.
1030 4019 1088 4072 559.
