2812 4642
207 183 251 250 to

149 358 371 431 qumeutosus,
401 356 597 430 attrectatio,
632 355 875 434 crantorem,
901 358 1139 425 circumductus
1161 362 1253 451 (us),

152 451 409 530 circumlocutio,
445 456 686 534 circumvectio,
721 460 929 543 conflictatio,
963 464 1139 538 conuecto,
1173 487 1251 533 ocn-

151 555 291 637 siqnatio
315 555 394 635 (Jur.
415 557 540 640 Gens),
564 557 764 634 constitutor,
789 560 988 625 consultator
1010 562 1054 644 (J.
1080 563 1148 648 0.),
1172 586 1249 630 con-

152 664 337 739 traponore,
361 658 516 742 depositio
534 659 578 740 (J.
590 660 653 743 G.),
677 663 846 743 effectivus,
870 665 1025 746 eqrcssio,
1049 652 1250 731 inheredatio

152 758 196 837 (J.
220 757 282 840 0.),
305 778 455 834 eusucm,
479 762 588 842 fatue,
613 761 914 844 fideicommissum,
931 765 1099 846 finitivus,
1112 767 1249 848 formu·

152 858 272 943 dirius,
303 857 485 942 cruciliter,
519 862 717 938 hortativus,
749 864 976 948 impossibilis,
1012 867 1250 950 inart'vicialis,

150 961 319 1037 inerudite,
334 962 506 1038 invenuste,
522 962 742 1040 interlocutio,
758 963 896 1031 latitatio
911 968 956 1051 (J.
969 967 1032 1051 0.),
1048 965 1248 1046 ἰιιιιᾱαέιιιιι,

152 1060 279 1144 leqalis,
312 1061 506 1138 lucrativus,
538 1065 694 1141 minutio,
727 1069 899 1151 naviqator
928 1069 1038 1152 (decl.)
1069 1068 1247 1147 neutralis,

151 1163 364 1239 observabilis,
388 1167 575 1248 operositas,
596 1168 829 1250 participialia,
849 1168 1010 1254 pluralis,
1028 1173 1248 1254 possessivus,

145 1265 330 1348 possibilis,
358 1266 536 1350 pralcctio,
563 1289 770 1353 promovere,
799 1273 984 1347 redhibitio,
1014 1272 1155 1346 rivator,
1189 1293 1249 1337 rc-

151 1369 252 1442 buste,
267 1365 430 1443 saltitare,
446 1372 707 1448 sermocinatriv,
725 1376 842 1450 stricte,
857 1373 1025 1457 inaffectio,
1039 1362 1247 1456 superjectio,

149 1469 328 1550 summitas,
351 1469 558 1552 versificator.

251 1576 374 1655 Restat,
403 1588 435 1639 ut
462 1599 515 1642 eas
544 1599 634 1643 voces
664 1578 845 1662 afferamus,
872 1577 984 1669 quibus
1010 1577 1093 1643 solus
1120 1578 1249 1657 Quinti-

149 1674 248 1740 lianus
288 1687 453 1746 ususest.
511 1677 648 1754 Quarum
687 1677 834 1765 plurimas
861 1681 915 1744 nisi
942 1676 1036 1744 semel
1064 1693 1122 1742 nen
1150 1698 1250 1741 usur-

150 1776 235 1860 pavit
252 1787 284 1839 et
301 1773 437 1866 quidem
443 1773 522 1840 haud
542 1798 653 1863 paucas
673 1780 701 1843 in
720 1777 836 1843 Graecis
851 1777 1004 1844 vocabulis
1019 1751 1248 1843 transferendis.

149 1871 227 1937 Sunt
253 1872 315 1938 haet
342 1884 638 1962 administrativus,
662 1887 755 1951 allcct
742 1890 836 1964 tatio,
861 1910 903 1952 ar
903 1887 1051 1971 tisicalis
1049 1893 1164 1961 —-,ter
1189 1906 1247 1948 ca-

148 1982 311 2060 villatrirc,
346 1987 597 2050 circumductum
630 1989 687 2068 (=
706 1989 840 2076 περίοδος)
870 1990 962 2052 citato
989 1960 1113 2070 (Comp.
1138 1987 1247 2070 Sup),

148 2084 293 2161 c,lnmosc
310 2088 547 2173 cotaercitatus,
563 2089 699 2164 concise,
714 2090 907 2164 convinctio,
923 2090 1019 2170 dispu
1021 2089 1138 2163 tatrin,
1155 2110 1246 2150 emu-

149 2189 228 2251 tatio
243 2188 288 2270 (8,
305 2187 335 2264 6,
351 2189 408 2272 51)
423 2209 568 2264 accusor,
585 2190 810 2264 enervitatrioc,
835 2189 1069 2265 exhortativus,
1093 2188 1246 2251 illustra·

148 2297 304 2366 ruentum,
327 2292 601 2372 inconsequentia,
632 2292 812 2366 intercisio,
837 2289 1093 2366 inventiuncula,
1108 2290 1246 2373 judica-

149 2391 234 2466 tricc,
268 2399 329 2472 pat
329 2393 393 2467 rie,
430 2391 614 2474 permollia
648 2390 864 2474 perpetualis,
896 2389 1141 2473 persuasibilis,
1175 2410 1247 2472 poe·

150 2493 283 2568 narius,
299 2492 518 2574 pramoelulat
518 2513 571 2566 us,
588 2492 801 2574 pramcllire,
818 2492 1034 2574 pransorius,
1054 2491 1244 2574 procursio,

148 2594 303 2678 reptatio,
339 2595 475 2670 scenico,
512 2593 666 2670 seniliter,
699 2593 892 2670 sensiculus,
925 2592 1132 2676 spectativus,
1166 2595 1245 2656 svb·

149 2697 342 2772 assentiens,
358 2698 599 2772 transmutatio,
616 2696 859 2779 transpositiva,
875 2695 1117 2768 transsumtiva,
1133 2700 1245 2756 nans-

149 2799 285 2874 svmtio,
307 2796 469 2873 utrolibet,
491 2796 655 2861 vocalitas.

249 2922 355 3009 Neque
380 2921 478 2986 solum
506 2924 535 2985 in
562 2919 664 2985 verbis
691 2915 856 3004 deligendis
882 2915 1083 2995 Quintilianus
1101 2916 1244 3005 aliquan-

126 3033 212 3085 'tum
239 3041 257 3085 a
286 3033 424 3085 veterum
449 3017 666 3085 consuetudine
693 3020 832 3099 recessit,
860 3015 914 3082 sed
941 3027 1014 3082 sunt
1039 3020 1130 3083 etiam
1161 3015 1243 3103 apud

146 3142 217 3186 eum
257 3119 420 3186 verborum
457 3118 689 3206 significationes
728 3129 760 3182 ct
795 3129 960 3182 structurae
996 3115 1152 3183 veteribus
1185 3138 1244 3181 non

148 3222 277 3286 usitatae.
334 3220 471 3299 Quorum
512 3218 649 3307 plurimae
685 3239 779 3307 quum
816 3217 876 3281 sint
914 3219 941 3281 ci
977 3237 1047 3281 cum
1073 3212 1244 3306 aequalibus

146 3341 338 3406 communes,
365 3320 523 3386 nonnullas
551 3331 651 3384 tamen
677 3315 823 3405 eiusmodi
852 3314 1025 3381 afferemus.

251 3457 453 3526 Abstinentiae
465 3453 560 3540 junct.
575 3451 760 3532 cumGenit.;
773 3455 914 3537 accipere
923 3448 943 3536 j.
958 3470 1027 3514 curn
1040 3445 1121 3534 dupl.
1132 3445 1243 3514 Aecus.

146 3555 261 3639 (rarum
276 3552 357 3642 apud
375 3552 524 3638 veteres);
544 3557 672 3644 accingi
689 3552 735 3618 od
754 3552 848 3645 alqd‚
845 3580 852 3594 ·
878 3552 1066 3616 acclamatio
1083 3549 1113 3613 in
1132 3545 1240 3612 bonam

147 3665 281 3741 parterm
314 3655 525 3749 acquirerei
551 3675 579 3741 q
608 3672 716 3739 parare
747 3653 850 3739 (etiam
883 3650 949 3715 sinc
982 3646 1125 3735 objector
1160 3652 1245 3715 actio

147 3752 453 3867 imqoratiohabitm
476 3750 745 3844 adjecereabsol.;
764 3753 907 3818 adorare
926 3746 1241 3828 translatoriorum

148 3877 165 3918 ι
179 3875 208 3943 q
226 3867 444 3942 patronus,·-
459 3859 539 3921 troi
551 3874 579 3940 q
598 3849 728 3917 officium
743 3852 874 3937 petroni3
899 3846 1072 3951 affectus(
1061 3845 1127 3932 (.elr
1146 3841 1242 3934 spald

147 3953 185 4019 ad
213 3957 245 4039 6,·
264 3958 286 4022 t
287 3953 392 4042 ,8)i.
375 3973 439 4044 rq.
460 3963 561 4018 motus
578 3952 682 4032 anima
707 3944 888 4042 allegarei.
906 3968 935 4036 q.
954 3937 1133 4014 defendendi
1150 3965 1243 4011 causa
