2812 4642
282 247 302 354 i

236 411 420 502 deliciasque
446 417 608 505 praesentis
636 418 780 504 temporis
806 415 885 482 nulla
916 414 1008 480 lutari
1029 437 1099 480 cura
1121 413 1237 480 solliciti
1263 435 1337 480 seo-

236 525 384 580 tarentur.
437 517 554 582 Morum
594 528 696 582 autem
735 515 855 582 mollitia
883 535 977 605 quum
1005 517 1174 581 necessario
1204 513 1271 595 fiat,
1301 528 1336 580 ut

235 635 336 680 sermo
362 611 618 704 corrumpatur¹),
640 638 697 681 non
716 629 764 680 est
777 615 963 700 mirandum,
980 614 1060 702 quod
1078 615 1126 681 illa
1145 628 1220 679 aetas
1239 637 1336 703 pror-

237 735 291 780 sus
319 714 476 802 repudiato
509 728 647 783 veterum
685 715 801 781 dicendi
840 737 967 800 genere,
998 718 1084 801 gravi
1112 714 1161 780 illo
1187 728 1217 779 et
1244 717 1332 803 quasi

237 827 351 894 sancto,
377 817 405 880 in
430 819 572 900 oratione,
589 827 624 881 ut
641 818 670 881 in
690 817 759 897 vita,
777 815 930 881 mollitiem
957 813 1110 903 quandam
1130 836 1165 880 ac
1179 813 1332 881 lasciviam

235 925 339 978 secuta
358 927 413 980 est.
465 917 508 981 Ea
536 918 617 980 enim
643 927 730 981 erant
753 913 865 1000 judicia
894 914 1064 998 hominurn,
1091 926 1125 979 ut
1153 912 1225 978 nibil
1253 935 1331 1000 pro-

235 1012 343 1079 barent
370 1015 424 1081 nisi
449 1013 530 1104 quod
559 1017 691 1081 novitate
717 1013 846 1102 quadem
874 1016 990 1079 animos
1016 1013 1160 1080 delicatos
1184 1026 1331 1079 moveret.

234 1114 303 1192 Quo
329 1109 437 1198 fiebat,
465 1126 498 1181 ut
525 1116 553 1178 in
580 1113 740 1181 scribendo
767 1136 868 1179 rerum
899 1117 1020 1179 veritati
1041 1112 1111 1178 nibil
1130 1113 1207 1196 lere,
1227 1111 1330 1200 pluri-

234 1234 318 1278 mum
344 1210 537 1280 delectationi
564 1214 757 1297 tribueretur,
785 1228 815 1279 et
844 1213 909 1279 baec
935 1212 1055 1302 quidem
1082 1213 1221 1279 omnibus
1247 1215 1330 1278 arti-

233 1311 310 1378 ficiis
350 1326 532 1401 captaretur.
598 1313 673 1379 lude
713 1316 930 1379 sententiarum
964 1311 1111 1379 illecebrae
1139 1327 1232 1398 natae,
1258 1312 1329 1378 inde

234 1411 467 1479 translationum
492 1412 636 1496 audacia,
664 1413 732 1479 inde
751 1414 857 1480 lractae
875 1415 1098 1502 compositionis
1118 1414 1239 1498 vitium,
1260 1412 1329 1480 inde

232 1511 361 1602 denique
399 1527 558 1603 poetarum
598 1516 628 1580 in
665 1513 762 1579 soluta
800 1516 932 1579 oratione
965 1515 1098 1578 imitatio.
1151 1516 1326 1581 tamenim

231 1613 347 1699 singula
387 1614 507 1680 dicendi
545 1635 656 1702 genera
695 1617 735 1679 ita
775 1612 915 1679 conlundi
941 1626 1013 1680 sunt
1037 1626 1158 1703 coepta,
1187 1626 1222 1680 ut
1248 1637 1327 1704 pro-

231 1716 342 1800 prietas
368 1715 512 1780 orationis
538 1717 657 1780 omnino
681 1736 737 1779 non
757 1735 874 1801 magnae
892 1726 973 1780 esset
991 1734 1089 1797 curae,
1113 1713 1142 1779 id
1161 1713 1241 1802 quod
1255 1736 1327 1780 ma-

229 1815 312 1877 xime
349 1827 475 1903 apparet
513 1835 552 1881 ex
588 1834 624 1880 ea
659 1815 788 1898 ratione,
813 1835 882 1903 qnae
908 1815 985 1880 inter
1013 1835 1132 1900 prosam
1159 1816 1325 1881 orationem

227 1924 258 1977 et
285 1915 398 2000 poesim
425 1913 641 1981 intercedebat.
693 1916 766 1981 Tam
792 1916 871 1980 enirn
897 1913 1044 1980 audacter
1069 1917 1097 1979 in
1122 1914 1198 1980 fines
1217 1916 1326 2004 poetici

226 2014 373 2079 sermonis
400 2011 581 2100 irruebatur,
607 2027 640 2081 ut
664 2013 763 2082 nullus
791 2037 848 2081 nou
875 2014 955 2081 illius
980 2017 1082 2080 aetatis
1107 2018 1237 2104 scriptor
1265 2036 1325 2103 po-

227 2114 284 2178 etis
323 2112 422 2203 aliqua
458 2128 582 2202 accepta
623 2111 776 2203 celerat').
838 2117 1018 2204 Quanquam
1046 2113 1136 2201 hujus
1162 2119 1204 2181 rei
1231 2135 1322 2181 causa

227 2214 328 2280 nescio
354 2236 392 2279 an
419 2216 510 2280 etiam
537 2237 575 2280 ex
604 2237 640 2281 eo
667 2218 763 2303 possit
789 2218 893 2305 repeti,
920 2215 1010 2304 quod,
1037 2235 1130 2304 quum
1158 2217 1185 2280 in
1212 2214 1324 2280 sobolis

228 2315 312 2399 pueri
351 2318 448 2403 poetis
484 2314 673 2404 explicandis
712 2329 942 2406 occuparentur,
980 2336 1085 2382 eorum
1119 2336 1257 2381 sermone
1283 2313 1322 2381 ab

226 2416 306 2479 initio
333 2417 433 2480 aetatis
457 2414 593 2480 homines
611 2416 831 2504 quodammodo
848 2410 1090 2503 assueverunt⁸).
1134 2413 1322 2497 Accedebat,

226 2513 431 2604 quodquam
453 2537 507 2603 per
527 2517 734 2603 impotentiam
749 2518 964 2604 imperatorum
992 2513 1112 2580 dicendi
1141 2512 1265 2579 libertas
1293 2517 1322 2579 in

224 2614 360 2702 periculo
386 2621 482 2695 esset,
510 2635 567 2680 non
593 2614 691 2680 solum
710 2613 811 2697 multi,
829 2616 880 2703 qui
900 2615 1017 2700 ingenio
1037 2612 1188 2695 valerent,
1206 2635 1223 2678 a
1241 2617 1322 2679 sori-

226 2711 322 2779 bendo
348 2713 590 2798 deterrebantur,
609 2713 662 2780 sed
682 2717 783 2798 etiam,
802 2717 827 2779 si
840 2716 890 2804 qui
903 2716 1085 2800 scriptorum
1104 2711 1192 2777 laude
1210 2712 1322 2777 nobili-

224 2815 282 2878 tari
300 2812 471 2901 cupiebant,
484 2817 502 2878 ii
518 2813 617 2880 velud
636 2812 809 2881 assentandi
828 2812 1001 2879 foeditatem
1015 2809 1144 2901 prolapsi
1160 2810 1264 2877 insulsi
1283 2833 1321 2877 ao

225 2913 331 2978 tumidi
357 2912 544 2980 exsistebant
571 2912 619 2980 vel
645 2913 762 2979 dicendi
787 2910 939 3002 quandam
964 2909 1194 2997 ambiguitatem
1213 2924 1320 2977 secta-

224 3011 344 3095 bantur,
371 3033 432 3100 qua
457 3011 527 3102 plus
554 3012 772 3099 intelligeretur
798 3034 888 3101 quam
915 3010 1079 3077 audiretur.

326 3131 427 3216 Atque
454 3128 535 3212 baeo,
562 3150 631 3217 quae
657 3150 674 3193 a
703 3140 840 3193 veterum
867 3149 958 3192 sensu
975 3126 1148 3216 judicioque
1167 3128 1318 3212 lactaest,

222 3228 383 3295 declinatio
410 3230 509 3293 nescio
535 3249 573 3294 an
601 3231 731 3294 maxime
756 3229 785 3292 in
813 3226 983 3317 eloquentia
1003 3246 1147 3316 expressa
1167 3241 1318 3294 cernatur.

221 3330 298 3409 Quae
317 3351 374 3394 non
393 3327 490 3395 solum
517 3349 568 3409 eo,
597 3326 675 3416 quod
704 3325 751 3393 illa
780 3342 855 3394 aetas
883 3337 1021 3394 veterum
1049 3327 1167 3394 dicendi
1184 3349 1320 3394 consue·

223 3429 358 3495 tudinem
386 3427 615 3516 aspernabatur,
641 3426 802 3497 sedetiam
830 3424 909 3517 quod
930 3428 957 3492 in
976 3447 1009 3492 se
1026 3428 1089 3515 ipse
1110 3431 1208 3494 minus
1226 3449 1317 3517 quam

220 3541 307 3595 antea
347 3526 492 3610 habebat,
519 3548 579 3615 quo
605 3531 721 3593 animos
748 3525 903 3593 bominum
938 3526 1103 3593 delectaret
1129 3541 1221 3617 atque
1246 3525 1317 3590 alli-

221 3643 321 3708 ceret,
350 3648 459 3695 novam
488 3631 633 3693 rationem
660 3625 828 3716 amplexari
854 3626 1027 3717 cogebatur.
1072 3632 1104 3694 ln
1126 3628 1315 3714 angustiores

289 3807 315 3872 1)
333 3807 383 3858 cn.
403 3805 462 3857 Son.
481 3809 527 3871 Ep.
548 3808 605 3856 114.

285 3890 314 3956 2)
333 3891 383 3944 Cala.
403 3891 471 3942 Dnt.
491 3892 514 3941 d.
532 3889 603 3941 Orat.
623 3906 644 3941 c.
663 3889 705 3940 20.
726 3890 815 3951 Quint.
834 3891 900 3941 lust.
920 3892 949 3941 0.
968 3891 994 3948 8,
1011 3891 1055 3948 Pr,
1073 3889 1114 3938 25.

283 3973 312 4039 3)
331 3975 382 4024 cfr.
403 3973 491 4034 Quint.
511 3974 575 4024 Insa.
595 3973 638 4025 Or.
660 3977 683 4035 1,
700 3976 726 4034 8,
745 3979 761 4025 5
779 3991 833 4040 sqq.
858 3975 1019 4038 Bernhardy,
1038 3973 1148 4024 Gruudr.
1173 3973 1218 4022 der
1235 3972 1311 4023 Rem.

212 4045 355 4095 thteratur
372 4041 413 4092 duo
432 4044 499 4092 Aua.
519 4060 542 4106 p.
562 4042 620 4092 280.
