2812 4642
1104 231 1147 298 ib

206 402 316 469 Verba
355 423 431 466 nove
475 403 605 466 maxime
643 406 747 489 primae
774 393 1026 489 conjugationis¹)
1052 413 1124 465 suut
1152 398 1199 464 vel

103 495 307 587 inuhoativa²)
346 501 392 566 vel
432 499 489 566 elie
518 522 588 565 curn
615 502 826 591 praepositione
858 499 956 587 aliqua
991 495 1199 588 composita³).

103 604 274 671 Aduerbio
301 601 427 690 plurimu
458 603 696 666 terminationem
724 616 775 667 ter
803 593 957 685 habens).

206 702 295 790 Apud
323 701 540 781 Quintilianum
567 701 702 789 aliosque
719 701 785 787 ejus
803 702 904 765 aetutis
922 702 1087 787 scriptores
1105 701 1199 767 multa

103 801 250 869 vocabula
291 803 495 881 inveniuntur,
535 821 604 888 quae
640 800 720 888 apud
752 812 874 864 veteres
901 800 948 865 vel
977 823 1045 866 raro
1074 800 1120 866 vel
1149 804 1200 868 vix

103 905 161 969 uisi
198 923 214 965 a
254 904 351 989 poetis
393 913 535 986 usurpato
569 902 639 967 sint.
691 899 827 978 Quorum
855 921 950 987 pauco
977 898 1087 965 afferre
1112 899 1200 987 libet,

103 1019 137 1069 ut
163 1005 295 1070 amoliri
317 1000 427 1088 (Plaut,
459 1000 551 1086 Ten),
591 1026 746 1091 asperare
772 1000 891 1086 (Vere),
917 1001 1065 1067 attollere
1091 998 1200 1086 (Piens,

104 1102 192 1188 Ter),
205 1104 331 1168 calcare
345 1099 431 1187 (Cet,
446 1101 551 1185 Vera),
568 1104 744 1167 clarescere
762 1099 884 1185 (Lucu),
901 1105 1076 1168 conviciari
1091 1100 1199 1188 (Vari.)

103 1210 271 1292 exspirare
296 1201 404 1287 (Lucil.
439 1199 550 1286 Lucu),
577 1203 767 1267 indiscretus
792 1198 910 1285 (Vere),
943 1200 1062 1266 labrum
1088 1198 1199 1284 (Pleut,

103 1304 190 1388 Teu),
224 1326 332 1367 meare
367 1301 488 1387 (Luce),
517 1301 678 1389 malignus
717 1299 827 1383 (Plnut,
855 1296 985 1384 Catuli),
1013 1301 1201 1390 malignitas

104 1402 236 1490 (Plani),
251 1402 376 1467 nubilus
390 1399 499 1486 (Plani,
512 1399 594 1486 tib),
611 1402 798 1489 perdurare
815 1399 914 1486 (Ten),
927 1406 1088 1489 persicas·
1101 1400 1202 1487 (Teu),

104 1503 264 1569 resultare
282 1501 403 1586 (Lucu),
423 1506 516 1590 rigor
532 1499 655 1586 (Lucu),
673 1515 783 1567 rotare
797 1500 930 1584 (Lucu),
959 1507 1079 1567 siccare
1097 1501 1200 1586 (Lucr,

105 1599 233 1687 Catuli),
260 1601 443 1667 subsultare
469 1599 591 1685 (Plani.)
619 1601 810 1684 versificare
836 1597 954 1686 (Lucil.)

207 1703 307 1788 Atque
334 1721 428 1788 quum
457 1697 551 1764 multa
577 1721 680 1763 eorum
701 1697 932 1782 vocabulorum,
956 1719 1025 1787 quae
1044 1697 1090 1764 ille
1111 1713 1203 1768 aetete

103 1802 132 1864 iu
160 1799 257 1866 soluto
284 1821 422 1863 sermone
450 1801 560 1864 usitata
588 1801 773 1887 reperimus,
805 1820 821 1863 a
850 1801 945 1886 po‘etis
972 1802 1095 1865 invente
1122 1803 1199 1883 siut,

103 1912 167 1964 tum
195 1897 335 1965 videmus
360 1897 578 1975 Quintilianum
607 1899 722 1986 aliquas
749 1919 841 1962 voees
869 1896 997 1978 babere,
1024 1920 1094 1987 quae
1118 1900 1200 1989 apud

103 1999 218 2064 nullum
260 1996 350 2062 elium
389 1997 497 2061 solutae
533 1999 676 2061 orationis
702 1998 897 2083 scriptorem,
924 1999 975 2085 qui
1002 1997 1124 2084 quidem
1151 1999 1199 2066 illu

101 2113 193 2165 aetote
227 2099 333 2178 luerit,
368 2097 569 2162 inveniuntur.
622 2098 757 2175 Quorum
793 2096 921 2184 plurima
949 2117 965 2162 a
994 2103 1091 2184 poetis
1126 2098 1197 2185 illis,

101 2221 177 2287 quos
204 2197 274 2263 tulit
299 2210 374 2261 estus
400 2195 544 2279 Augusti,
570 2208 690 2283 sumptu
718 2209 804 2277 sunt;
833 2196 971 2262 nonnulla
999 2210 1100 2264 eutem
1128 2222 1197 2266 curn

101 2296 270 2384 equalibus
299 2300 394 2381 poetis
427 2309 499 2360 sunt
530 2299 557 2360 ei
592 2297 769 2361 communie.
822 2295 899 2361 Sunt
927 2297 993 2362 haec
1021 2298 1098 2364 lere:
1123 2303 1197 2368 bre-

103 2405 213 2475 viare,
245 2410 407 2476 emutare,
436 2398 603 2484 formose,
637 2396 804 2463 hortatrix
834 2396 948 2485 (Stat),
978 2403 1195 2468 irnmntescere

102 2496 216 2583 (sun),
232 2502 442 2574 inconcessus,
459 2498 652 2574 incredulus,
670 2498 896 2576 indubitabiles,
916 2509 1067 2567 insonare
1080 2500 1195 2588 (Stat),

101 2601 306 2674 intertextus,
335 2596 487 2675 latrator,
512 2599 677 2675 normalis,
694 2600 969 2686 presorrnidatus
991 2598 1080 2685 (Sit),
1103 2626 1194 2692 prm-

93 2699 254 2785 formure
268 2692 352 2781 (Sit),
363 2702 552 2782 promissor,
569 2705 776 2777 resuscitare,
796 2700 982 2778 retendere,
996 2703 1193 2790 singultans,

99 2799 357 2886 transformare.

201 2898 266 2961 lem
307 2915 378 2958 vero
417 2915 451 2959 ea
491 2892 583 2960 verba
621 2916 872 2983 percenseamus,
911 2919 981 2986 quae
1012 2898 1195 2977 Quintiliano

99 3009 170 3061 sunt
210 3016 278 3060 aum
318 2993 465 3059 inferioris
504 2998 604 3060 estatis
643 2995 842 3082 scriptoribus
878 2999 1057 3063 communia.
1114 2998 1194 3065 'iulia

99 3109 171 3160 sunt
202 3083 354 3186 abrupte,
380 3095 529 3174 abusive,
557 3103 699 3186 agnitor,
726 3097 914 3178 altercator,
940 3105 1112 3190 appositio,
1133 3125 1192 3166 ar·

169 3287 196 3351 1)
212 3285 362 3353 Abneyare,
382 3296 526 3350 annotare,
544 3289 750 3349 corrotundare,
769 3306 892 3350 curuare,
911 3291 1035 3352 densare,
1054 3291 1192 3354 detonare,

101 3354 255 3412 dissonare,
282 3362 402 3415 enotare,
429 3374 599 3424 eaasperare,
627 3360 783 3416 exuberare,
803 3360 949 3419 mundare,
960 3358 1115 3425 flaaellare,
1133 3378 1191 3426 aer·

99 3419 213 3477 murare,
230 3420 375 3485 imputare,
392 3425 541 3490 inspirare,
560 3426 710 3491 obliquare,
728 3427 897 3485 obumbrare,
911 3426 1050 3492 paudere,
1063 3443 1191 3493 pensare,

96 3486 290 3551 praecogitare,
309 3489 448 3551 reluctari,
467 3495 659 3560 transsiaurare
677 3499 724 3544 cet.

168 3569 195 3634 2)
216 3568 392 3632 Crebrescere,
419 3590 599 3640 expauescere,
619 3579 774 3644 flavescere,
800 3577 960 3639 inarescere,
982 3577 1135 3640 inerescere,
1152 3581 1193 3632 in·

99 3637 248 3697 durescere,
265 3638 440 3700 insumerem,
462 3642 632 3703 intabescere,
650 3645 830 3705 intumescere,
848 3645 1020 3708 invalescere,
1031 3648 1193 3710 madescere,

92 3705 249 3771 pallescere,
264 3723 417 3772 pavescere,
435 3727 573 3762 vanescere
589 3718 635 3762 cet.

164 3791 192 3855 3)
209 3791 246 3840 Ut
263 3792 349 3856 aliqua
367 3809 423 3842 oum
443 3811 523 3860 super
539 3799 679 3860 compositu
699 3797 868 3862 superareeli,
888 3798 1034 3864 imponere,
1054 3803 1192 3864 inducere,

96 3865 210 3919 struere,
229 3866 289 3920 eet.;
309 3862 364 3910 sub.
383 3862 524 3928 striuaere,
542 3873 652 3924 nectere,
671 3872 766 3924 teneres
780 3867 964 3932 praeualere,
983 3885 1091 3923 rmnere.

162 3943 192 4008 4)
209 3943 377 4013 Deformiter,
405 3949 544 4007 euidenter,
571 3947 713 4018 minanter,
739 3951 941 4018 favorabiliter,
971 3953 1125 4016 indecenter,
1148 3954 1188 4007 ia·

96 4009 252 4078 differenter,
270 4013 408 4076 instanter,
422 4018 603 4082 peculiariter,
617 4026 745 4084 potenter,
764 4020 912 4085 sumatur
929 4027 975 4072 oet.
1094 4016 1102 4033 '
