2812 4642
1132 201 1152 264 9

109 363 312 444 Quintilianus
341 363 407 453 plus
435 386 499 430 suae
526 366 609 431 aetati
635 384 725 453 quam
747 367 878 454 antiquis
897 365 1038 430 tribuisse
1059 362 1208 430 videatur.

109 467 212 542 Quum
251 467 329 530 enim
359 476 478 530 veteres
511 487 577 528 eam
604 465 691 552 quasi
717 463 814 551 legem
842 467 937 530 secuti
966 477 1076 544 essent,
1105 486 1121 529 a
1150 485 1209 554 qua

110 585 177 629 raro
211 563 417 644 discederent,
451 587 488 628 ne
520 562 675 628 vocabulis
702 563 863 651 ejusmodi,
891 586 960 654 quae
987 586 1036 629 res
1064 566 1209 630 inanimae

110 662 332 748 significarent,
360 685 394 727 ea
424 661 517 728 verba
552 661 765 749 adjungerent,
792 684 919 751 quorum
948 665 1026 728 notio
1053 664 1089 729 ad
1119 667 1210 730 animi

113 766 174 827 vim
216 766 394 849 pertineret,
435 761 637 842 Quintilianus
670 776 788 827 tantum
816 764 913 829 abluit
941 775 974 828 ut
1001 763 1078 829 hauc
1105 786 1210 829 eorum

111 861 363 928 consuetudinem
390 877 579 951 sequeretur,
607 875 640 926 ut
659 864 827 949 saepissime
847 865 875 927 in
896 863 987 927 rebus
1006 867 1098 928 mutis
1117 863 1209 928 verba

112 961 254 1033 humanae
282 977 399 1028 naturae
426 965 544 1050 propria
573 961 729 1028 adhiberet
740 957 772 1048 ¹).
826 964 893 1041 Quo
919 962 956 1027 ad
983 976 1093 1027 nostrae
1111 966 1211 1050 aejtatis

113 1065 279 1150 scriptores
307 1065 429 1151 propius
455 1062 586 1145 accedit,
612 1062 692 1151 apud
718 1085 794 1151 quos
821 1061 968 1150 ejusmodi
985 1064 1210 1129 immutationes

113 1161 287 1250 frequentes
313 1175 394 1228 sunt.

217 1262 316 1350 Atque
342 1284 435 1352 quum
463 1264 582 1328 omnino
611 1263 739 1329 mediam
768 1263 919 1353 quandam
946 1266 1026 1329 viam
1052 1265 1129 1329 inter
1147 1287 1212 1332 suae

113 1365 214 1429 aetatis
242 1365 386 1427 rationem
414 1375 444 1428 et
471 1365 663 1453 antiquorum
682 1364 886 1442 Quintilianus
911 1367 1047 1430 tenuisse
1062 1363 1212 1447 videatur,

114 1475 186 1528 suut
213 1477 314 1528 tamen
343 1462 497 1547 nonnulla,
524 1466 552 1529 in
580 1461 691 1552 quibus
715 1464 797 1549 justo
826 1467 920 1550 magis
946 1465 992 1528 sui
1012 1465 1116 1530 secuti
1136 1487 1213 1530 con-

115 1561 267 1628 suetudini
304 1562 463 1628 indulsisse
502 1563 651 1629 videatur.
715 1561 803 1642 Quod
837 1565 864 1628 in
893 1564 996 1651 primis
1022 1566 1157 1629 cernitur
1184 1569 1211 1630 in

115 1665 207 1728 nimio
234 1661 280 1728 illo
307 1662 466 1728 brevitatis
493 1663 606 1744 studio,
635 1686 695 1753 quo
714 1686 770 1728 non
791 1686 859 1728 raro
877 1663 1023 1753 abreptus
1042 1663 1213 1751 legentibus

115 1763 185 1850 plus
212 1761 248 1827 ad
279 1762 505 1849 intelligendum
533 1764 654 1852 reliquit
675 1786 765 1853 quarn
794 1767 928 1829 oratione
956 1766 1116 1851 expressit..
1170 1767 1213 1830 Ac

115 1862 255 1928 nonnulla
275 1877 374 1928 tamen
395 1863 484 1949 hujus
502 1866 620 1950 generis
639 1867 741 1929 nescio
759 1886 795 1929 an
814 1863 852 1928 ad
865 1864 1115 1929 consuetudinem
1131 1879 1213 1929 artes

114 1962 298 2028 tradentium
332 1965 468 2028 revocari
502 1965 633 2051 possint,
660 1966 827 2053 quiquam
855 1962 1035 2029 brevissime
1062 1978 1213 2052 praecepta

115 2063 407 2151 comprehendentes
452 2062 626 2151 frequenter
663 2085 697 2128 ea
728 2066 886 2147 omittunt,
923 2085 993 2151 quae
1027 2085 1120 2151 quum
1157 2086 1215 2128 non

115 2165 177 2226 siut
214 2168 390 2242 enunciata,
428 2162 514 2227 lacile
553 2163 675 2250 intelligi
705 2184 792 2251 posse
819 2159 986 2249 credaut²).
1038 2163 1124 2228 Tales
1151 2163 1214 2228 fere

116 2274 188 2327 sunt
214 2265 350 2352 ellrpses,
377 2261 488 2349 quibus
515 2264 683 2347 saepissime
712 2283 785 2326 usus
811 2276 866 2327 est.
919 2264 1032 2328 Omisit
1050 2265 1128 2327 enim
1147 2261 1215 2327 sre-

116 2362 315 2448 quentissime
355 2359 483 2425 verbum
523 2359 765 2441 substantivum,
803 2374 834 2426 et
869 2365 999 2426 maxime
1033 2361 1155 2449 quidem
1186 2364 1214 2426 in

117 2461 261 2548 praesenti
301 2473 450 2548 tempore,
492 2482 548 2524 non
589 2459 677 2526 modo
716 2463 744 2527 in
782 2463 931 2549 primariis
968 2461 1020 2526 sed
1060 2464 1152 2526 etiam
1186 2464 1215 2526 in

118 2560 308 2625 secundariis
347 2555 558 2647 enunciatis⁸).
618 2564 693 2626 Tum
734 2563 843 2626 omissa
881 2574 952 2625 sunt
988 2585 1017 2626 v.
1051 2554 1216 2647 dicendi⁴)

118 2658 236 2749 aliaque
263 2659 424 2740 vocabula,
451 2682 520 2748 quae
550 2660 611 2725 lere
640 2663 679 2726 ita
707 2659 830 2742 desunt,
859 2674 893 2726 ut
920 2673 973 2725 aut
999 2683 1038 2726 ex
1058 2663 1120 2747 ipsa
1141 2683 1216 2727 sen-

119 2761 222 2824 tentiae
250 2761 366 2825 ratione
392 2760 514 2845 intelligi
542 2753 692 2849 possint⁵)
717 2773 770 2825 aut
797 2780 835 2824 ex
863 2763 1006 2847 proximis
1031 2764 1091 2826 sint
1123 2783 1218 2849 repe-

121 2852 253 2945 tendal).
307 2859 404 2946 Hujus
443 2864 533 2926 etiam
570 2863 689 2946 generis
716 2872 777 2941 est,
815 2861 894 2948 quod
931 2882 1012 2948 saepe
1046 2859 1216 2946 subjectum

120 2962 271 3025 enunciati
299 2959 499 3026 desideratur.
552 2961 597 3025 Ac
625 2959 800 3050 frequenter
827 2959 950 3050 quidem
969 2982 1093 3048 persona
1117 2961 1216 3050 aliqua

193 3155 220 3219 1)
239 3154 317 3217 Cujus
336 3157 434 3219 generis
461 3159 491 3205 ut
516 3155 640 3203 nonnulla
667 3169 697 3204 ox
722 3157 810 3205 multis
832 3157 937 3206 offeram
958 3157 1085 3221 exemplo,
1103 3157 1217 3206 conferas

122 3224 197 3272 velim
218 3226 240 3280 1,
259 3223 301 3281 10,
319 3223 354 3273 49
372 3223 452 3288 (liber
465 3222 673 3286 demonstrabit);
692 3223 716 3280 2,
737 3223 777 3282 13,
796 3223 825 3282 6,
843 3226 883 3283 15,
895 3225 942 3285 35;
960 3225 986 3282 3,
996 3224 1021 3282 6,
1036 3223 1083 3283 39,
1097 3225 1121 3283 5,
1136 3223 1176 3281 13,
1189 3225 1218 3281 5,

123 3289 148 3406 ’17,
167 3290 257 3408 ἑθὶὲ,
275 3290 301 3351 8,
320 3290 345 3350 3,
365 3289 409 3352 17,
429 3293 453 3351 5,
473 3293 518 3350 14,
537 3289 562 3350 9,
580 3291 605 3350 2,
623 3292 665 3351 45,
685 3291 726 3350 10,
746 3292 770 3351 1,
788 3292 837 3351 48,
855 3293 880 3351 4,
899 3294 929 3353 4,
949 3292 990 3351 11,
1010 3293 1033 3349 l,
1052 3291 1086 3340 52
1104 3297 1150 3341 stu.
1170 3291 1220 3340 cfr.

141 3393 148 3416 ⁹
185 3395 220 3504 ⁹2)
239 3440 289 3490 Gir.
309 3442 385 3504 Seyff.
403 3443 458 3492 Pel.
478 3443 528 3494 Cic.
546 3441 588 3493 3:o
605 3445 674 3493 Aud.
692 3461 717 3508 p.
737 3444 778 3493 18.

193 3522 221 3587 3)
239 3524 380 3588 Utriusque
397 3527 434 3574 rei
452 3527 567 3590 exempla
584 3527 730 3591 suppeditat
747 3526 888 3575 Bonnellus
905 3527 932 3574 in
943 3525 1023 3576 lexico
1041 3528 1096 3577 sub.
1109 3542 1132 3576 v.
1147 3525 1219 3577 Sana.

127 3590 176 3640 Cir.
197 3593 274 3640 etiem
292 3592 317 3650 2,
335 3593 360 3650 2,
379 3594 408 3651 5,
428 3592 469 3651 13,
489 3595 566 3643 lubi
587 3596 614 3643 in
635 3594 802 3657 precipiendo
823 3595 910 3656 paullo
928 3596 1081 3644 contractius
1100 3596 1220 3659 loquitur.

192 3675 220 3740 4)
239 3675 289 3723 etr.
310 3675 334 3734 1,
353 3678 377 3735 5,
395 3676 441 3734 38,
461 3677 485 3734 2,
504 3676 545 3733 21,
565 3676 606 3734 15,
626 3677 671 3734 16,
690 3677 716 3735 3,
734 3676 759 3736 6,
777 3676 824 3735 35;
843 3678 868 3734 5,
885 3677 911 3735 4,
930 3677 958 3735 1,
979 3679 1020 3737 10,
1037 3677 1124 3739 76,6,
1135 3677 1162 3738 3,
1173 3677 1220 3738 96,

47 3802 53 3807 -
124 3743 149 3803 9,
167 3745 192 3802 4,
211 3743 253 3802 19,
272 3744 335 3802 122,
356 3744 397 3804 10,
416 3745 440 3804 2,
459 3744 505 3803 24,
528 3744 569 3803 12,
588 3745 629 3803 19,
647 3745 689 3795 38.

193 3830 220 3895 5)
239 3828 289 3878 Cir.
308 3829 333 3887 3,
352 3829 376 3888 6,
396 3829 437 3886 60,
456 3829 502 3888 98,
530 3831 554 3887 5,
574 3829 615 3887 10,
634 3831 679 3887 55,
708 3829 732 3886 6,
752 3828 776 3886 1,
794 3828 824 3887 4,
852 3827 878 3888 9,
895 3828 920 3888 3,
941 3829 985 3890 19,
1010 3831 1051 3890 10,
1071 3832 1095 3889 1,
1114 3827 1176 3890 107,
1194 3829 1221 3890 3,

124 3897 171 3958 25,
189 3895 215 3956 7,
234 3897 276 3957 23,
296 3900 337 3956 11,
357 3899 380 3958 1,
397 3896 445 3957 76,
465 3894 572 3958 3178,
593 3897 634 3956 12,
653 3897 694 3956 11,
714 3894 755 3948 17.

193 3982 221 4045 6)
239 3981 289 4031 Osr.
310 3983 333 4040 1,
354 3984 377 4039 1.
396 3981 441 4042 16,
463 3982 502 4042 10,
523 3983 546 4040 1,
564 3981 611 4041 38,
632 3982 673 4041 12,
692 3981 734 4040 10,
753 3981 797 4041 14,
818 3981 858 4039 11,
877 3979 902 4040 9,
921 3978 962 4031 27.
