2812 4642
251 232 295 300 ll

200 427 319 468 aaruns
352 422 418 488 pro*
433 424 688 492 superuacaneo,
720 390 915 466 umbraticus
948 418 1005 485 pro
1030 397 1210 474 umbratili,
1233 421 1299 462 ua-

196 503 305 578 lidius,
329 503 533 592 uoluptuosus
556 520 609 585 pro
633 501 822 590 voluptario.

299 603 392 666 Venio
426 602 486 687 jorn
525 599 562 663 sd
601 597 745 664 vocabule
775 619 813 662 ex
840 599 952 664 Groeco
979 617 1117 662 sermone
1152 605 1296 682 sumpla,

195 723 265 789 quae
292 699 419 788 plurima
447 699 647 778 Quintilianus
676 704 843 786 usurpavit.
896 699 973 775 Quae
1008 717 1146 783 magnam
1174 707 1296 782 partem

195 813 335 866 constant
367 824 405 865 ex
436 804 511 865 artis
539 798 695 864 vocabulis
723 810 854 886 suntque
881 795 937 862 alia
973 800 1096 867 eleum
1124 792 1296 882 aequalibus

194 900 250 966 olis
290 921 358 964 cum
400 902 537 965 interiore
576 892 699 985 aetote¹)
737 892 955 983 communier'),
995 897 1050 962 alie
1081 895 1120 962 ab
1157 915 1192 957 eo
1227 893 1294 959 solo

195 995 382 1087 πηῷ-1133).

296 1101 448 1166 Praeterea
474 1112 546 1164 sunt
573 1095 653 1184 opud
682 1120 751 1163 eum
778 1097 917 1185 plurimae
944 1098 1059 1162 Latinae
1081 1116 1171 1160 voees
1187 1117 1293 1176 novae,

195 1222 264 1291 quie
293 1201 381 1265 etiarn
410 1199 489 1286 opud
518 1197 607 1278 slios,
634 1200 684 1284 qui
705 1197 750 1262 ills
770 1210 861 1263 aetsto
881 1197 1007 1280 luerint,
1025 1195 1292 1262 solutaeoretionis

194 1302 356 1387 scriptores
392 1312 534 1387 usurpata
565 1298 760 1384 reperiantur.
816 1295 914 1362 Habet
941 1298 1032 1383 igitur
1060 1316 1197 1381 magnam
1229 1296 1291 1360 rim

196 1399 482 1469 Substantiam-um
511 1401 641 1462 maxime
669 1401 847 1476 mobilium,
881 1419 950 1486 quae
977 1389 1174 1483 vocantur⁴)‚
1200 1410 1231 1462 et
1260 1397 1292 1460 in

196 1494 290 1588 tio⁵),
328 1494 419 1587 as⁶)‚
458 1493 561 1587 unr⁷),
600 1499 672 1586 (ium
715 1515 852 1566 meretum
891 1497 968 1586 ela),
997 1491 1084 1584 us⁸),
1115 1524 1166 1578 or,
1192 1488 1293 1582 ura⁹)

196 1600 407 1667 desinentium.
1105 1621 1107 1626 ·

301 1705 472 1796 ArlJ'octiua
493 1719 568 1763 nova
585 1700 777 1783 reperiuntur
789 1701 818 1763 in
831 1701 881 1765 ilis
891 1691 946 1785 ¹⁰),
964 1705 1046 1776 aris,
1063 1690 1183 1784 alir¹¹),
1202 1689 1294 1780 ἐπ”),

199 1794 333 1887 osus-¹³),
359 1793 507 1888 orr'us¹⁴)‚
535 1799 684 1881 exeuntia,
710 1811 739 1862 et
764 1819 834 1863 cum
859 1820 951 1886 praep.
969 1821 1041 1890 pra
1067 1789 1294 1886 compositast).

195 1929 395 1941 ...φη-

267 1978 294 2045 1)
312 1978 349 2028 Ut
369 1977 519 2038 antidotus,
538 1977 679 2037 cacozelia,
699 1976 839 2042 etholoqia,
856 1977 1030 2043 hyperbaton,
1050 1976 1156 2044 lyricas,
1172 1982 1292 2038 metrum,

193 2045 339 2114 parabole,
360 2061 502 2110 arpanum,
516 2046 697 2113 periphrasis,
711 2044 834 2112 phrasis,
853 2048 936 2096 thema
953 2053 1001 2096 oet.

265 2129 293 2196 2)
311 2129 453 2196 Epitheton
478 2137 505 2180 et
531 2131 583 2179 elis
600 2131 631 2178 ab
650 2128 691 2194 epi
708 2131 869 2192 insipientia,
895 2128 1098 2194 metaplasmus,
1121 2133 1294 2194 perstameter,

193 2198 310 2265 psaltes,
325 2197 506 2264 pyrrlielr'us,
525 2197 679 2264 synecdoche
696 2204 744 2247 oet.

264 2282 293 2348 3)
315 2280 496 2341 Chironomia,
513 2281 701 2342 ‚crocodillum
737 2279 891 2339 ataomium,
925 2283 1106 2347 homonymus,
1138 2279 1292 2340 menealne,

198 2351 403 2409 selanatisrnus,
421 2349 608 2416 spllopistiaus,
628 2357 762 2417 syntonus.

267 2436 296 2501 4)
315 2436 398 2485 Velut
424 2435 581 2494 admirator,
609 2434 753 2502 affectator,
777 2431 933 2493 auriliator,
962 2432 1073 2492 dolator,
1086 2433 1233 2500 formator,
1251 2431 1292 2481 in-

198 2509 318 2563 sectator,
331 2503 457 2569 iactator,
476 2502 603 2568 liliputer,
617 2501 746 2567 plausor,
761 2502 903 2570 professor
920 2509 968 2552 oet.

266 2587 293 2654 5)
312 2589 396 2638 Volat
414 2586 538 2652 adjectio,
559 2585 703 2654 affectatio,
722 2586 874 2646 annotatio,
892 2585 1019 2646 assertio,
1038 2585 1210 2650 eomputatio,
1232 2600 1293 2635 eon·

199 2656 335 2715 tradietio,
350 2655 527 2714 conuersatio,
540 2654 706 2718 dedipnatio,
725 2654 846 2714 directio,
860 2655 1046 2720 emancipatio,
1060 2653 1198 2711 eustratio,
1205 2652 1294 2720 fictio,
1380 2653 1382 2657 ⁴

199 2723 350 2782 insectatio,
375 2723 536 2782 modulatio,
563 2722 761 2788 multiplicatio,
786 2723 904 2783 nutatio,
933 2723 1083 2790 offensatio,
1098 2720 1213 2786 positio,
1232 2720 1293 2772 red-

201 2792 282 2851 ditio,
299 2792 439 2858 repressio,
459 2791 620 2856 suspiratio,
639 2791 756 2849 testatio,
773 2790 854 2849 ultio,
869 2791 1025 2858 versificatio
1040 2797 1088 2841 oet.

268 2876 296 2942 6)
314 2877 349 2926 V.
369 2874 526 2935 austeritas,
553 2874 680 2932 oiuilitas,
707 2873 838 2932 densitas,
867 2872 1021 2931 diuersitas,
1048 2871 1203 2930 enormitas,
1230 2887 1295 2938 yar-

199 2943 311 3002 rulitas,
335 2943 507 3010 proximitas,
530 2941 704 3007 pupnaoitas,
722 2942 870 3007 quantitas,
887 2940 1036 3002 rusticitas,
1056 2939 1218 3000 sublimitas,
1235 2955 1293 2991 uer·

196 3011 302 3071 nilitas,
321 3021 368 3062 oet.

266 3093 497 3161 Dieljutorium,
530 3093 709 3155 auditorium,
741 3093 940 3160 erepitaeulunt,
972 3091 1161 3152 commilitisun,
1189 3093 1294 3144 lamiri-

200 3163 285 3224 dium,
303 3163 489 3222 ministerium,
508 3161 695 3222 rudimentum,
713 3162 868 3231 suffupiunt,
887 3169 935 3214 oet.

265 3232 295 3297 8)
312 3231 439 3289 Derisus,
459 3245 594 3290 oamersus,
609 3231 760 3299 projeetus,
779 3246 907 3290 secessus,
925 3229 1048 3290 tinnitus,
1065 3228 1180 3295 nupilres,
1193 3237 1242 3280 oet.

266 3315 294 3381 9)
311 3314 389 3375 Arar,
408 3331 501 3373 aanor;
521 3314 671 3374 eaelatura,
688 3314 815 3365 ductura.
870 3372 873 3376 Δ

268 3399 312 3466 10)
329 3398 430 3465 spille,
456 3397 601 3458 durabilis,
620 3396 795 3456 enarrabilis,
810 3396 991 3465 fauorabilis,
1014 3397 1125 3461 plurime
1142 3411 1200 3447 aum
1216 3412 1294 3464 prosp.

198 3469 227 3517 in
245 3471 397 3533 composita,
415 3466 590 3533 namabilis,
609 3465 775 3525 uenerabilis,
795 3473 843 3516 oet.

199 3627 240 3669 cet
270 3551 312 3618 11)
328 3551 516 3610 irrationalis,
539 3549 661 3611 linearis,
677 3548 803 3610 molaris,
819 3548 965 3615 puellaris,
980 3546 1144 3614 pupillaris,
1162 3548 1295 3614 specialis.

269 3700 312 3767 12)
330 3698 471 3760 Derennis,
490 3702 617 3762 enormis,
637 3702 749 3761 eneruis,
769 3701 894 3753 saanimis
916 3709 963 3753 oet.

332 3782 506 3844 Articulosus,
511 3786 666 3854 fabulosus,
678 3786 836 3846 liemtiosns,
847 3785 1008 3843 salebrosus,
1018 3800 1139 3846 saaosus,
1150 3785 1295 3853 spatiosus.

268 3783 312 3850 13)

199 3862 248 3904 oet.

270 3937 313 4001 14)
332 3935 514 3996 Deerotorlus,
534 3937 711 3996 literatorius,
730 3938 878 3989 suasorius.

269 4021 313 4087 15)
330 4019 500 4080 Praadulois,
516 4020 684 4087 praedurus,
699 4020 877 4087 praelonyuu
891 4021 1055 4086 praetenuis.
