2812 4642
189 179 237 243 20

248 343 371 428 Restat,
407 357 441 409 ut
481 343 654 428 videamus,
691 345 811 434 qualem
845 345 874 408 in
901 342 1098 431 grammatica
1127 341 1251 406 ratione

146 441 394 509 cousuetudinem
413 444 619 524 Quintilianus
646 447 684 510 sit
711 459 845 511 secutus.
898 445 936 508 Et
962 444 1102 532 quoniam
1117 442 1250 529 deety-

148 541 288 626 molegica
319 557 405 628 parte
430 543 576 633 praeclare
603 558 697 633 atque
721 549 838 632 copiose
864 558 912 610 est
930 566 947 608 a
966 542 1109 608 Bonnello
1134 540 1250 630 dispu-

146 656 261 723 tatum,
289 641 370 711 hune
396 643 494 711 locum
522 645 744 734 relinquamus,
762 643 906 733 nisiquod
923 641 994 708 illud
1008 661 1250 708 commemorare

148 753 282 828 oportet,
326 743 543 823 Quintilianum
588 747 618 809 in
662 744 817 812 vocabulis
861 741 978 809 Graecis
1026 740 1185 808 flectendis
1230 763 1247 806 a

149 855 288 907 veterum
301 846 514 933 praecipueque
526 845 655 911 Caesaris
666 845 884 910 consuetudine
899 864 1022 930 prorsus
1036 835 1250 924 abborrere¹),

149 963 242 1029 quum
264 944 293 1006 in
316 943 373 1009 illis
391 946 579 1032 peregrinam
597 944 659 1011 lere
677 943 845 1010 declinandi
865 945 1010 1008 rationem
1024 937 1249 1026 adhibuerim

253 1040 300 1106 td
334 1046 486 1130 syntaxim
520 1045 611 1132 igitur
644 1058 843 1112 transeamus.
897 1046 932 1109 ln
963 1065 1023 1131 qua
1050 1063 1120 1132 quae
1146 1062 1250 1108 anno-

153 1141 241 1207 tanda
269 1154 340 1208 suut
368 1164 505 1230 magnam
534 1157 650 1231 partem
677 1143 756 1209 illius
782 1147 881 1211 aetatis
907 1142 1038 1208 luerunt.

255 1245 289 1308 ln
316 1250 452 1338 sumenti·
469 1265 539 1309 oum
557 1255 740 1318 Pandionio
754 1245 961 1331 coniunctione
979 1244 1036 1321 Qu.
1054 1262 1071 1308 a
1092 1240 1252 1308 veteribus

151 1345 213 1409 lere
240 1365 298 1408 non
325 1346 460 1410 recessit.
512 1345 617 1432 Excipi
644 1360 745 1410 tamen
778 1356 877 1433 potest
903 1342 987 1407 locus
1005 1345 1037 1425 8,
1064 1346 1096 1426 3,
1121 1341 1177 1427 tt,
1197 1341 1251 1410 nbi

152 1466 203 1533 per
219 1443 408 1532 hyperbaton
423 1444 621 1532 praedioatum
639 1444 678 1510 nd
700 1447 782 1532 prius
798 1444 968 1530 subjeetum
986 1442 1252 1508 accommodatum

153 1559 215 1629 est,
242 1547 322 1632 iique
348 1543 420 1627 loci,
448 1545 497 1610 ubi
524 1557 666 1609 neutrum
693 1544 846 1630 singulare
870 1541 1012 1629 adjectivi
1035 1543 1072 1609 ad
1096 1541 1251 1612 substant.

152 1645 230 1710 alius
267 1647 387 1730 generis
428 1643 526 1729 paullo
569 1645 746 1709 insolentius
784 1645 912 1710 relatum
950 1637 1043 1728 est³).
1096 1645 1252 1708 Praeterea

153 1747 201 1809 bio
229 1743 527 1810 commemorandum
563 1742 693 1824 videtur,
728 1764 939 1833 nonnunquam
972 1742 1099 1811 verbum
1130 1745 1253 1830 imper-

152 1844 254 1911 sonale
279 1842 317 1908 ad
345 1841 516 1929 subjeetum
543 1844 774 1927 mundationis,
800 1866 869 1933 quae
895 1865 933 1909 ex
959 1843 1008 1908 illo
1035 1840 1174 1930 pendeat,
1191 1864 1255 1908 ac·

152 1941 376 2010 commodatum
385 1938 424 2029 ⁴).

257 2056 420 2121 Dativum
445 2064 529 2133 saepe
554 2044 757 2127 Quintilianus
786 2047 955 2134 usurpavit,
982 2043 1032 2110 ubi
1053 2055 1176 2109 veteres
1187 2043 1255 2110 lare

154 2167 283 2235 praepos.
316 2147 365 2213 ad
395 2157 533 2245 utuntup,
564 2143 602 2210 ad
629 2143 733 2226 finem,
761 2165 820 2234 quo
847 2144 917 2233 quid
946 2145 1102 2225 reseratur,
1130 2143 1258 2230 signifi-

156 2247 296 2332 candum,
310 2244 430 2333 ulsuhj·
439 2266 502 2310 V00·
517 2259 788 2333 accommodatus,
802 2263 1024 2340 comparatus,
1035 2256 1256 2332 necessarius,

155 2359 251 2431 satis,
274 2359 430 2440 sufficere,
453 2355 545 2420 utitis
563 2342 675 2431 sim.⁶).
711 2350 789 2414 Sunt
807 2353 896 2413 etiam
916 2346 987 2430 luci,
1006 2343 1055 2410 utu
1074 2347 1207 2410 Dativus
1225 2349 1257 2412 in

154 2446 257 2512 verbis
276 2446 578 2534 sessignificantibus
602 2447 708 2513 eodem
735 2447 797 2512 lere
825 2447 913 2512 modo
940 2442 1093 2511 adhibitus
1112 2442 1257 2511 videatur

155 2561 246 2636 atque
270 2547 299 2611 in
319 2548 354 2613 iis
361 2597 371 2631 ,
387 2545 500 2636 quibus
514 2546 642 2613 hominis
660 2549 741 2613 notio
754 2545 891 2634 subjecta
909 2540 1002 2629 est⁶).
1042 2543 1085 2609 Ae
1103 2546 1258 2632 reperitur

156 2648 287 2713 Dativus
314 2648 443 2736 passivis
471 2646 571 2714 verbis
590 2668 645 2734 pro
669 2645 760 2714 ablat,
787 2667 825 2713 ex
851 2673 873 2712 α
900 2669 993 2736 piaep.
1016 2645 1155 2731 pendenti
1171 2643 1256 2711 sub-

153 2747 254 2832 jectus
288 2760 320 2813 et
351 2749 484 2813 maxima
510 2746 634 2836 quidem
662 2750 689 2812 in
717 2746 856 2813 Periecto
888 2759 1039 2835 tempore;
1079 2766 1256 2834 quanquam

227 2926 254 2991 1)
272 2926 323 2975 cn.
342 2925 408 2975 Inst.
427 2923 470 2984 Or,
490 2928 513 2984 1,
532 2926 557 2985 5,
576 2925 685 2976 58-64.

227 3026 256 3091 2)
274 3025 325 3075 Cfr.
352 3027 436 3075 Bonu.
463 3026 490 3074 in
516 3029 611 3093 proleg.
639 3044 664 3092 p.
692 3027 885 3088 XXI—XXIX,
913 3032 985 3092 cujus
1006 3028 1174 3093 disputationi
1191 3027 1260 3079 illud

160 3095 329 3157 adjiciendum
347 3094 456 3151 videtin,
485 3092 672 3152 Quintilianum
695 3098 722 3146 in
745 3099 776 3146 iis
794 3099 931 3155 vocabulis,
950 3112 1006 3162 quae
1023 3098 1096 3147 modo
1116 3096 1259 3146 secundm

158 3164 269 3228 primam
293 3163 367 3213 modo
391 3176 441 3211 sec.
465 3164 581 3225 quintam
608 3164 804 3215 declinationem
832 3167 977 3223 flectuntur,
1005 3167 1077 3214 illam
1103 3164 1260 3229 praetulisse.

160 3231 229 3283 Vide
246 3231 356 3282 Fraund.
374 3232 401 3278 in
420 3229 488 3280 Anu.
506 3231 575 3280 Phil.
594 3247 610 3280 a
626 3233 719 3282 Iahnio
738 3234 812 3282 editis
830 3233 905 3291 XIII,
923 3249 948 3297 p.
967 3233 1026 3283 302

229 3329 257 3397 3)
275 3332 325 3382 Cir.
343 3328 368 3390 7,
387 3328 412 3389 3,
430 3328 455 3390 3,
476 3332 516 3389 11,
536 3332 559 3390 1,
577 3329 619 3383 76.
638 3333 677 3382 De
694 3335 884 3398 pronominibus
902 3336 968 3384 infra
984 3336 1144 3385 disseremus.

161 3501 177 3551 J
230 3432 327 3550 «14)900.
350 3435 376 3492 4,
401 3433 426 3492 2,
450 3432 498 3492 84,
522 3433 547 3492 5,
567 3430 607 3492 13,
628 3433 674 3493 19,
691 3430 717 3493 7,
736 3434 761 3493 2,
779 3432 809 3495 3;
829 3436 869 3495 ll,
889 3436 912 3496 1,
930 3436 977 3498 483
997 3443 1024 3487 et
1040 3436 1125 3488 Kritz.
1144 3436 1177 3486 etl
1195 3435 1266 3507 Seii,

178 3515 220 3567 ug.
274 3536 281 3549 .

234 3599 262 3665 5)
279 3601 330 3651 Cir.
354 3601 397 3652 Pr.
424 3600 457 3653 10
474 3603 517 3653 vir
535 3600 762 3653 administrationi
788 3603 1005 3662 commodatus,
1025 3603 1065 3662 10,
1085 3606 1108 3662 1,
1126 3603 1161 3653 28
1178 3617 1262 3668 ponus

166 3675 347 3733 comparatum
365 3670 547 3730 ostentationi;
572 3672 613 3729 10,
638 3673 662 3729 1,
682 3673 709 3731 13
733 3674 757 3730 b,
778 3673 818 3730 10,
836 3672 883 3731 65;
901 3669 926 3731 7,
944 3672 1035 3732 4,31;
1055 3674 1095 3731 12,
1113 3673 1139 3731 2,
1157 3669 1261 3721 laon.

166 3738 243 3786 etlam
263 3738 286 3795 1,
306 3738 330 3795 1,
348 3733 378 3796 7,
399 3740 422 3797 1,
440 3741 463 3797 1,
481 3740 514 3790 25
533 3742 619 3790 o'stat
636 3739 767 3804 opnitioni
785 3743 909 3790 aurumi
928 3755 950 3790 e.
968 3755 1001 3790 ne
1019 3746 1201 3807 agnoscantur.
1259 3789 1264 3796 ,

234 3834 262 3900 6)
280 3837 330 3887 Gir.
350 3835 393 3887 Pr.
411 3837 458 3898 26,
477 3840 503 3898 2,
521 3839 545 3896 6,
563 3839 592 3899 3,
611 3843 636 3899 4,
657 3842 680 3900 l,
700 3841 742 3901 62,
760 3841 806 3901 64;
824 3839 848 3899 7,
869 3841 1104 3903 10,12;10,5,8;
1124 3839 1266 3899 11,1,1i;

158 3903 258 4025 gimlgi
276 3904 337 4024 etigr.
366 3907 445 3956 etlam
470 3906 496 3966 3,
522 3904 745 3965 7,16.ubioum
760 3908 874 3958 motoria
892 3907 1039 3961 deliberare
1057 3911 1146 3962 eadem
1163 3908 1264 3960 ratione
