2812 4642
263 189 305 258 l0

204 355 353 445 generalis
393 358 576 445 intelligitur,
614 373 647 423 ut
682 361 709 423 iu
746 361 936 446 conjunctivo
966 363 1054 424 tertia
1082 381 1206 447 persona
1235 371 1305 446 post

204 456 386 523 infinitivum
426 453 569 546 posito¹),
608 457 755 546 deestque
792 481 874 548 prou.
914 463 1044 554 quidam
1090 461 1117 524 in
1158 458 1303 524 thematis

204 553 520 645 controversiarum²).

304 660 380 722 Tum
407 661 498 722 etiam
526 679 563 723 ex
591 658 733 722 universo
759 660 975 723 sententiarum
995 679 1130 722 connexu
1149 658 1301 746 supplen-

204 757 275 823 dum
316 771 363 822 est
401 751 608 844 subjectum³l
647 770 699 821 aut
725 779 764 823 ex
797 761 847 842 iis,
873 781 942 847 quae
970 759 1103 844 proxime
1132 779 1300 843 praegressa

202 871 289 938 suut,
319 851 558 944 repetendum⁴).
612 859 818 945 Reperiuntur
844 863 935 922 etiam
956 859 972 922 ii
994 858 1062 937 loci,
1083 856 1133 922 ubi
1153 856 1299 922 voeabula

202 956 342 1045 quaedam
369 961 430 1023 sint
459 959 567 1043 posita,
593 978 676 1046 quae,
703 979 763 1046 quo
789 980 828 1022 ex
854 961 1050 1044 grammatica
1080 958 1298 1021 1505115151.-

202 1069 318 1138 rantur,
360 1078 417 1122 non
456 1057 601 1142 habeant,
638 1079 745 1122 verum
785 1058 823 1123 ad
862 1057 972 1146 aliquid
1001 1060 1061 1121 sint
1088 1056 1300 1140 accomodata,

199 1157 280 1245 quod
309 1171 408 1223 mente
435 1179 472 1222 ex
507 1163 724 1223 sententiarum
759 1180 839 1223 nexu
866 1161 904 1223 sit
930 1151 1175 1246 supplendum⁶).
1229 1160 1295 1222 Ne-

199 1279 259 1345 que
286 1257 324 1323 ab
352 1258 407 1324 boc
434 1279 543 1345 genere
572 1260 632 1322 lere
660 1257 811 1338 discrepat
829 1258 969 1348 SynesiS,
987 1259 1128 1345 frequens
1149 1258 1194 1322 illa
1216 1257 1297 1344 apud

200 1359 434 1442 Quintilianum,
462 1381 520 1448 qua
551 1356 745 1445 praedicatum
776 1382 832 1422 non
861 1357 899 1424 ad
927 1357 955 1421 id
986 1355 1297 1422 ,5555155555-

198 1455 311 1543 latum,
337 1481 397 1547 quo
424 1456 590 1524 secundum
619 1457 700 1543 leges
719 1464 933 1544 grammaticas
952 1458 1056 1522 referri
1076 1457 1222 1538 debebat,
1241 1459 1296 1522 sed

197 1556 234 1622 ad
262 1558 341 1624 aliud
371 1557 538 1647 quoddam,
570 1557 649 1646 quod
683 1562 775 1623 menti
803 1561 960 1645 scriptoris
987 1571 1033 1623 est
1060 1551 1295 1645 observatum⁶l

299 1660 365 1723 lam
380 1663 408 1724 in
421 1660 579 1724 sententiis
600 1655 733 1722 breviter
756 1657 1046 1746 comprehendendis
1066 1657 1188 1722 mirifice
1207 1658 1296 1723 dele-

197 1770 299 1824 ctatus
323 1772 370 1824 est
396 1757 606 1838 Quintilianus.
659 1759 758 1846 Atque
786 1758 835 1824 bic
863 1761 914 1823 vix
932 1779 1008 1846 opus
1026 1770 1073 1822 est
1091 1756 1193 1822 dicere
1213 1756 1293 1845 apud

196 1879 267 1922 eum
294 1871 325 1922 et
351 1860 604 1944 comparationem
626 1858 702 1923 illam
725 1858 975 1945 compendiariam
1003 1856 1178 1922 insolentius
1198 1881 1293 1923 usur-

193 1951 330 2045 patam⁷l
357 1973 387 2023 et
413 1961 544 2043 Zeugma
571 1958 699 2047 aliaque,
725 1981 794 2046 quaa
821 1957 859 2024 ad
886 1957 964 2023 hanc
993 1957 1120 2044 figuram
1153 1961 1291 2045 proxime

196 2056 355 2142 accedant,
381 2052 549 2143 inveniri⁸).
609 2056 687 2124 Illud
724 2064 914 2123 annotatione
941 2055 1074 2145 dignius,
1104 2057 1184 2145 quod
1211 2079 1294 2145 saepe

195 2161 363 2222 sententias
389 2161 429 2223 ita
448 2160 612 2241 contraxit,
641 2171 673 2224 ut
700 2173 800 2223 mente
828 2162 855 2223 in
884 2158 944 2222 duo
961 2161 1047 2247 quasi
1072 2157 1291 2223 membradis-

195 2256 349 2322 solvendae
378 2257 544 2322 videantur.
597 2257 649 2323 Sic
685 2261 716 2342 3,
748 2261 781 2340 2,
815 2260 834 2323 3
867 2273 1062 2352 quapropter·
1096 2283 1134 2324 ea
1168 2284 1291 2352 qaoque

194 2374 314 2452 quarta
344 2384 427 2447 pars
459 2364 520 2423 erit
557 2379 609 2443 pro
643 2373 838 2452 quapropter
864 2384 902 2424 ea
930 2382 1053 2451 quoque
1072 2385 1154 2445 pers
1175 2365 1236 2424 erit
1259 2373 1290 2422 et

193 2461 318 2551 quedem
342 2450 505 2551 quarta⁹).
559 2457 660 2546 Atque
691 2457 768 2520 duas
794 2459 1020 2520 enunciationes
1046 2478 1128 2542 saepe
1155 2459 1230 2521 inter
1258 2477 1291 2520 se

195 2560 235 2620 ita
271 2558 439 2643 conjunxit,
472 2568 506 2622 ut
533 2556 639 2622 melius
667 2554 807 2621 brevitati
834 2577 925 2644 quam
952 2557 1155 2643 grammatice
1182 2558 1288 2621 rationi

194 2687 394 2699 m

264 2768 291 2832 1)
310 2769 434 2834 Exempla
451 2772 540 2820 attulit
558 2773 641 2821 Bonn.
662 2773 688 2819 in
706 2770 798 2818 Lexico
822 2785 841 2818 5.
861 2786 884 2817 v.
903 2767 1014 2834 aliquia,
1033 2784 1138 2831 quorum
1156 2777 1242 2817 tamon
1261 2769 1287 2815 in

193 2838 325 2886 nonnullis
344 2844 438 2887 orator
458 2840 499 2888 vel
522 2838 546 2888 ia
567 2839 613 2904 qui
632 2838 694 2888 dicit
711 2839 822 2901 intelligi
839 2842 923 2900 potest
939 2844 969 2885 ut
987 2837 1012 2893 2,
1033 2838 1073 2893 15,
1094 2837 1137 2893 12,
1156 2833 1182 2892 7,
1202 2837 1225 2894 1,
1243 2835 1287 2894 40,

193 2898 234 2962 12,
251 2901 276 2963 7,
294 2900 312 2954 7
329 2905 373 2954 cfr.
391 2907 474 2955 Bonn.
493 2907 561 2956 Prol.
581 2909 613 2956 ad
631 2906 716 2955 Lexic.
734 2921 759 2969 p.
779 2903 930 2954 XXXVIII.
963 2904 995 2952 In
1012 2905 1089 2952 tertia
1106 2903 1212 2966 pluralis
1229 2918 1286 2966 par·

192 2987 255 3022 aona
272 2973 336 3034 subj.
355 2975 475 3022 omissum
495 2981 534 3023 est
550 2976 576 3032 4,
594 2974 619 3032 3,
636 2973 667 3033 3,
687 2973 727 3030 10,
747 2974 770 3031 1,
788 2970 818 3030 7,
838 2975 862 3028 5,
880 2972 922 3020 21.
1027 3000 1040 3011 .
1278 3014 1290 3021 ..

259 3055 288 3120 2)
306 3055 357 3104 ctr.
375 3057 458 3105 Bonn.
478 3072 499 3104 5.
517 3073 540 3106 r.
558 3056 672 3122 quidam

191 3207 225 3260 96
257 3139 289 3257 13,
306 3139 356 3256 0113
377 3140 411 3256 &2
420 3142 443 3197 5,
464 3142 492 3200 1,
514 3142 553 3199 ll,
574 3143 619 3200 14,
637 3141 662 3198 2,
682 3142 706 3199 5,
724 3140 753 3199 8,
773 3141 798 3198 4,
819 3142 841 3197 l,
861 3140 907 3198 22,
927 3140 951 3197 5,
971 3139 1010 3197 10,
1029 3139 1075 3197 29,
1096 3140 1136 3196 14,
1149 3138 1191 3198 32,
1206 3140 1246 3197 11,
1261 3138 1286 3197 3,

261 3290 290 3354 4)
309 3292 360 3340 Cir.
388 3307 443 3354 quae
471 3299 516 3340 att.
544 3292 627 3341 Bonn.
651 3293 677 3341 in
700 3293 795 3356 proleg.
822 3307 847 3355 p.
875 3291 998 3350 XXXIX,
1027 3293 1117 3355 quibus
1136 3292 1199 3341 adde
1218 3293 1241 3349 5,
1259 3289 1284 3349 7,

191 3358 233 3420 30,
253 3359 277 3418 9,
296 3360 321 3417 4,
339 3357 381 3418 26,
401 3360 442 3418 10,
461 3357 485 3417 6,
502 3361 528 3417 4,
543 3362 571 3418 5,
590 3357 615 3416 7,
635 3359 680 3420 19,
700 3361 740 3417 11,
761 3361 784 3417 l,
802 3358 844 3418 61,
863 3357 904 3409 77.

260 3442 287 3506 5)
305 3443 355 3492 011.
373 3441 399 3501 3,
417 3442 442 3502 6,
459 3443 507 3502 88,
526 3443 551 3500 8,
570 3441 616 3504 53,
637 3444 677 3503 10,
695 3445 724 3502 4,
744 3445 760 3492 5
777 3445 830 3502 Ρ1.,
848 3446 878 3503 4,
898 3444 938 3503 10,
958 3443 1021 3503 105,
1039 3441 1064 3502 7,
1084 3443 1108 3501 1,
1126 3442 1169 3494 49.

259 3528 287 3592 0)
305 3529 355 3577 011.
375 3527 461 3590 Spald.
478 3527 511 3574 ed
528 3526 553 3585 9,
571 3526 596 3585 2,
614 3525 660 3587 79,
678 3527 703 3586 3,
722 3528 799 3585 2-3,
818 3527 1285 3601 Β5511.111Ρ151.,).Ῑ1ΧΧΙ11,1111111

190 3597 257 3647 Einl.
276 3613 300 3660 p.
321 3595 361 3653 13,
380 3601 488 3658 praetera
505 3594 529 3652 3,
550 3596 590 3653 11,
610 3597 633 3656 5,
654 3597 694 3654 10,
710 3594 735 3655 7,
753 3595 795 3656 26,
816 3598 857 3653 11,
875 3595 900 3654 3,
920 3595 961 3644 60.

256 3676 353 3744 non.
374 3680 397 3736 5,
417 3678 458 3737 1ο,
478 3679 541 3736 114,
562 3678 602 3737 15,
623 3680 646 3736 5,
666 3681 695 3738 1,
716 3682 756 3738 11,
773 3679 799 3738 3,
819 3679 863 3738 53,
885 3681 925 3738 15,
943 3676 968 3737 7,
987 3678 1012 3728 3.
1070 3714 1080 3735 .

255 3764 284 3828 3)
302 3764 352 3813 cfr.
372 3761 396 3820 6,
414 3762 440 3820 2,
458 3763 503 3822 55,
524 3764 564 3821 15,
584 3765 607 3820 1,
627 3761 690 3822 113,
709 3761 735 3822 7,
754 3763 771 3814 9
789 3770 814 3814 ea
833 3766 877 3823 11,
898 3765 938 3822 11,
959 3765 998 3821 11,
1017 3765 1042 3812 4.

257 3846 284 3912 9)
302 3847 352 3896 Cfr.
373 3846 467 3895 Gernh.
487 3847 519 3894 ad
541 3847 567 3894 h.
592 3847 608 3895 1.
634 3853 659 3895 et
683 3849 706 3904 1,
729 3848 754 3904 4,
782 3848 827 3905 11,
845 3845 870 3905 7,
889 3847 935 3905 25,
954 3845 979 3904 3,
999 3847 1023 3902 1,
1042 3846 1070 3902 5,
1090 3847 1114 3900 5,
1135 3844 1174 3902 10,
1194 3843 1241 3903 65,
1260 3843 1285 3901 0,

188 3915 213 3973 3,
233 3913 265 3965 13
282 3921 455 3978 praetereaque
473 3928 515 3963 555
533 3915 610 3972 15555,
628 3916 671 3962 uhi
689 3915 834 3964 adverbium
852 3915 1038 3963 enunciationis
1055 3914 1110 3964 loco
1129 3919 1179 3962 est:
1201 3913 1224 3970 1,
1244 3911 1285 3970 10,

187 3983 217 4044 8,
238 3984 262 4042 2,
283 3985 306 4042 l,
325 3982 354 4041 9;
374 3984 399 4040 4,
418 3983 443 4040 2,
462 3979 508 4042 87,
530 3983 569 4041 10,
588 3981 613 4042 3,
631 3981 673 4039 31,
692 3981 726 4031 33
744 3983 828 4046 ibique
847 3981 950 4031 Herbst.
