2812 4642
21 1366 23 1370 ,
71 1254 141 1369 lluo
170 1313 305 1390 tempore
331 1303 431 1369 Graeci
457 1300 613 1366 literarum
638 1297 842 1391 doctrinaequs
865 1297 955 1367 lauda
980 1318 1072 1390 quam
1098 1319 1169 1364 ma-

68 1407 150 1468 xime
183 1401 346 1486 florebant,
379 1421 414 1466 eo
446 1401 573 1467 Romani
606 1398 674 1467 belli
703 1403 797 1486 magis
822 1421 915 1489 quam
942 1404 1027 1489 pacis
1053 1397 1170 1464 artibus

70 1503 166 1569 dediti
192 1521 331 1567 sermone
356 1501 522 1568 utebantur
548 1499 625 1566 duro
652 1511 745 1590 atque
773 1499 902 1566 horrido.
937 1503 1013 1567 Tum
1033 1498 1171 1582 demum,

71 1623 165 1692 quum
205 1599 330 1668 subacta
371 1600 454 1666 ltalia
494 1603 620 1666 Romani
648 1599 1027 1690 exaugustoillogyro,
1054 1600 1170 1687 inquo

70 1717 159 1768 antea
194 1703 306 1766 versati
339 1712 440 1781 erant,
478 1701 507 1764 in
533 1698 668 1766 latiorem
695 1702 782 1787 quasi
810 1721 952 1789 campum
978 1699 1077 1766 evecti
1105 1697 1171 1762 ire-

72 1804 228 1892 quentiora
257 1822 327 1866 curn
346 1802 457 1866 exteris
481 1790 601 1888 populis
619 1802 835 1888 praecipueque
853 1801 970 1866 Graecis
988 1799 1169 1865 commercia

73 1904 288 1984 instituissent,
319 1903 356 1966 iis
388 1898 519 1982 artibus,
544 1897 655 1987 quibus
681 1896 719 1963 ad
744 1897 962 1964 humanitatem
990 1896 1091 1988 populi
1117 1900 1170 1962 in-

72 2001 249 2080 formantur,
280 2003 382 2065 llomae
409 1997 510 2064 aditus
537 2011 585 2062 est
612 1997 798 2086 patefactus,
818 1999 1012 2089 perlectoque
1035 1996 1170 2063 secundo

73 2103 185 2167 Punico
212 2099 289 2166 bello
316 2102 429 2186 majore
457 2102 486 2163 in
514 2098 579 2164 dies
605 2097 709 2164 studio
725 2095 763 2162 ad
783 2099 886 2166 literas
912 2098 1088 2165 Graecorum
1111 2119 1170 2162 co-

72 2198 278 2288 gnoscendas·
297 2201 431 2265 homines
467 2191 710 2284 incitabantur¹).
763 2199 840 2278 Quae
874 2220 924 2265 res
956 2209 1103 2288 quantum
1130 2194 1168 2261 ad

69 2319 241 2364 sermonem
278 2299 420 2362 habuerit
456 2301 614 2380 momenti,
649 2296 736 2362 lacils
776 2297 899 2384 intelligi
937 2309 1045 2387 potest.
1102 2297 1169 2362 lam

70 2399 167 2480 enim,
190 2416 284 2483 quum
309 2394 519 2461 nonnullorum
546 2396 646 2462 studia
675 2399 705 2462 in
732 2417 767 2461 ec
795 2410 1000 2482 versarentur,
1026 2408 1075 2479 ut,
1100 2416 1170 2485 quae

71 2519 88 2563 a
127 2494 246 2562 Graecis
284 2495 431 2583 praeclare
468 2496 578 2584 scripta
606 2508 723 2578 essent,
750 2517 785 2562 sa
814 2499 931 2564 Latinis
957 2498 1051 2563 literis
1077 2495 1171 2561 ellin-

72 2610 192 2683 gersnt,
231 2595 297 2662 fieri
331 2617 388 2660 uon
423 2597 536 2684 potuit,
562 2598 633 2684 quin
660 2610 692 2662 st
718 2610 883 2682 augeretur
909 2599 1058 2664 sermonis
1083 2597 1169 2684 copia

72 2708 102 2760 et
135 2694 254 2779 legibus
286 2693 469 2784 quibusdam
502 2697 594 2761 oratio
626 2696 858 2778 astringeretur.
910 2699 1062 2779 Accessit,
1089 2691 1171 2784 quod

72 2792 111 2859 ab
137 2793 244 2859 iisdem
273 2793 461 2885 temporibus
487 2791 605 2860 dicendi
631 2800 681 2861 ars
708 2797 839 2861 maxima
867 2799 1051 2865 incrementa
1073 2798 1170 2884 cepit,

71 2895 184 2983 quippe
222 2917 292 2984 quae
325 2916 342 2959 a
379 2896 639 2982 praestautissimis
672 2897 702 2961 in
736 2895 891 2983 republica
919 2900 993 2964 viris
1020 2895 1170 2963 coleretur

72 3015 240 3083 magnaque
267 2997 295 3061 in
324 2992 413 3060 laude
440 3015 510 3059 esse
538 2995 693 3083 inciperet.
746 2997 882 3085 Septimo
908 3001 1001 3084 igitur
1024 2996 1064 3064 ab
1094 2994 1171 3062 urbo

70 3091 189 3158 condita
216 3093 329 3161 saeculu
360 3094 389 3158 iu
423 3113 563 3159 sermons
588 3092 784 3183 perpolieudo
811 3095 938 3184 plurima
965 3095 1171 3165 collocabatur

69 3212 176 3282 opera,
209 3215 279 3282 quae
312 3214 348 3259 so
381 3192 510 3280 majores
536 3192 654 3261 fructus
681 3197 813 3285 peperit,
840 3196 922 3286 quod
947 3197 987 3265 ab
1013 3197 1170 3286 amplissi-

72 3295 129 3358 mis
155 3294 229 3357 viris
255 3314 438 3382 summaque
464 3295 645 3361 auctoritato
672 3293 809 3384 praeditis
836 3297 969 3385 prolecta
996 3308 1053 3363 est.
1092 3298 1170 3362 Nam

72 3391 244 3477 Scipionem
276 3391 400 3481 quidem
433 3404 553 3458 constat
580 3397 727 3461 minorem
752 3415 881 3485 cosque,
907 3398 958 3484 qui
985 3397 1051 3483 ejus
1078 3395 1171 3462 lami-

71 3487 204 3554 liaritatc
238 3490 411 3575 utebantur,
444 3512 501 3556 non
529 3491 617 3560 modo
643 3493 805 3561 emendate
832 3494 963 3579 locutos,
989 3518 1084 3585 quum
1111 3492 1172 3561 do-

74 3590 199 3654 mestico
226 3587 358 3677 quodam
385 3610 444 3656 usu
470 3602 573 3655 assent
598 3587 755 3680 imbuti¹),
781 3593 836 3661 sed
855 3597 945 3662 etiam
964 3595 1003 3663 ad
1022 3597 1170 3664 sermonis

144 3767 170 3832 l>
188 3765 295 3819 Porcius
313 3765 417 3816 Licinus
436 3784 476 3832 ap.
497 3768 562 3818 Gall.
582 3767 622 3830 17.
642 3771 689 3822 21:

222 3832 332 3886 Poenico
350 3836 415 3885 bello
435 3838 545 3887 secundo
564 3838 641 3889 Musa
658 3842 764 3904 pinnato
782 3843 863 3906 gradu

222 3904 312 3954 insunt
330 3917 357 3952 ss
375 3905 521 3955 bellicosam
539 3908 566 3956 in
583 3907 689 3959 Romuli
706 3917 807 3977 gentem
825 3913 912 3963 faram.

96 4030 99 4034 .
143 3985 171 4051 2)
189 3985 238 4036 cn.
258 3985 308 4037 cre.
327 3987 370 4036 nr.
390 4005 410 4037 ο.
430 3989 471 4038 sa.
