2812 4642
1130 276 1135 287 Ι
1202 177 1221 242 5

171 345 250 409 enim
291 341 365 406 lines
401 363 497 431 quum
537 339 691 428 compulsa
725 354 807 408 esset
843 336 1093 433 tenuioribusque
1120 342 1149 406 in
1176 340 1270 409 rebus

170 454 382 530 occuparetur,
410 455 444 507 ut
470 437 570 507 studia
599 441 752 506 homiuum
780 445 944 526 excitarat,
962 441 999 508 ad
1019 441 1195 508 elocutionis
1222 441 1270 509 le-

171 545 288 608 nocinia
329 534 553 627 confugiebat¹)
593 540 671 629 quod
712 563 809 626 genus
836 563 871 607 eo
898 544 992 630 magis
1018 540 1155 628 vigebat,
1182 545 1269 632 quia,

170 664 264 732 quum
306 663 359 730 per
398 642 586 730 iniquitatem
629 655 798 729 temporum
830 663 847 707 a
881 641 948 708 luce
974 641 1028 709 lori
1055 645 1085 707 in
1112 641 1269 710 rhetorum

169 741 346 807 umbracula
374 738 493 806 dicendi
521 739 620 806 studia
648 744 810 806 maximam
837 756 955 831 partem
982 742 1122 808 traducta
1149 758 1268 825 essent,

169 839 208 906 ad
236 845 311 907 artis
338 861 474 905 normam
505 843 603 906 omnia
630 839 861 925 revocabantur,
880 841 953 908 nihil
971 841 1133 908 admodum
1152 856 1270 909 naturas

156 939 367 1033 tribuebatur.
420 944 520 1029 Atque
546 939 603 1005 hae
629 939 842 1007 declamatoria
862 945 976 1008 ratione
993 942 1121 1023 factum,
1143 955 1176 1008 ut
1195 942 1267 1009 lon-

165 1043 233 1129 gius
259 1043 287 1106 in
307 1042 407 1106 diosa
428 1043 552 1128 pristina
572 1037 686 1105 dicendi
705 1040 924 1107 consuetudine
941 1042 1152 1124 recederetur,
1170 1064 1266 1131 quum

165 1142 269 1206 insano
306 1140 344 1207 ad
383 1143 548 1206 orationem
587 1142 749 1204 sententiis
782 1140 1008 1207 illuminandam
1034 1162 1139 1207 omues
1165 1141 1266 1208 studio

165 1240 326 1307 ferrentur.
379 1244 486 1329 Neque
521 1261 592 1305 vero
627 1260 684 1304 uon
713 1262 819 1327 magna
848 1243 970 1307 oratorii
997 1243 1190 1307 instrumenti
1217 1244 1266 1307 vis

164 1342 193 1406 in
228 1361 397 1407 sermonem
432 1340 527 1406 inlusa
566 1353 627 1422 est,
665 1361 756 1428 quarn
784 1361 822 1407 ne
848 1354 945 1429 poetae
971 1340 1093 1430 quidam
1122 1341 1264 1407 insuam

164 1462 227 1505 rem
256 1454 434 1507 convertere
459 1437 649 1506 dubitabant.
703 1442 809 1528 Neque
834 1438 988 1506 salubrem
1015 1444 1077 1506 vim
1102 1442 1263 1506 recitatio-

162 1561 217 1607 nes
244 1540 301 1607 illae
329 1545 358 1607 in
385 1540 587 1629 eloquentiam
615 1538 782 1624 habebant,
807 1544 919 1631 quippe
945 1539 1058 1635 quibus
1076 1541 1200 1606 nimium
1219 1540 1263 1606 il-

161 1639 213 1706 lud
252 1639 290 1708 ad
330 1638 543 1706 delectandum
581 1641 677 1705 omnia
719 1637 914 1730 componendi
953 1637 1089 1706 studium
1131 1643 1262 1708 maxime

162 1741 292 1807 aleretur
320 1762 356 1808 ac
383 1735 648 1827 sustentaretur²).
701 1741 857 1807 Postremo
874 1762 969 1830 quum
987 1761 1088 1805 sermo
1106 1741 1261 1805 Romano-

162 1864 229 1908 rum
257 1842 349 1909 lutius
376 1843 405 1907 in
432 1839 496 1905 dies
522 1861 577 1928 per
604 1842 773 1929 provincias
800 1839 1032 1924 diffunderetur,
1048 1838 1259 1928 ficrinoupu-

161 1944 235 2025 tuit,
262 1945 335 2031 quin
362 1938 472 2029 aliquid
501 1959 540 2004 ex
567 1942 740 2027 integritate
767 1934 949 2028 perderet³).
1004 1940 1104 2029 Atque
1124 1937 1192 2004 haec
1210 1961 1259 2005 ros

159 2045 251 2107 etiam
282 2041 329 2106 ⁴ad
363 2039 510 2107 urbanam
546 2037 685 2128 loquendi
726 2038 976 2111 consuetudinem
1008 2036 1260 2125 corrumpendam

160 2139 271 2222 valuit,
308 2139 388 2230 quod
425 2152 456 2204 et
493 2159 531 2203 ex
570 2139 710 2205 omnibus
746 2138 809 2205 lere
847 2141 935 2205 terris
966 2139 1102 2205 homines
1131 2137 1260 2230 barbare

157 2239 314 2330 loquentes
349 2243 474 2307 Ronram
508 2237 699 2303 confluebant
731 2252 762 2304 et
797 2241 853 2328 ipsi
881 2240 1006 2306 Romani
1027 2237 1201 2328 frequenter
1228 2240 1258 2303 in

158 2343 320 2430 provinciis
348 2331 657 2427 peregrinabantur⁴).

261 2440 316 2505 His
349 2436 489 2503 omnibus
515 2441 617 2502 causis
644 2438 757 2503 lactum
785 2452 848 2523 est,
874 2452 908 2505 ut
936 2439 1059 2506 Romani
1086 2460 1121 2505 ea
1148 2433 1257 2520 aetate‘,
1366 2492 1368 2496 .

159 2563 229 2630 quae
256 2543 422 2628 primorum
460 2537 614 2603 Caesarnm
657 2558 748 2624 regna
787 2537 1006 2626 complectitur,
1046 2537 1166 2604 dicendi
1190 2537 1257 2603 lur-

157 2662 237 2707 mam
264 2650 498 2728 sequerentura
520 2649 658 2702 veterum
677 2637 846 2704 elocutione
856 2636 944 2724 lungo
957 2637 1124 2721 diversam,
1142 2638 1256 2727 quippe

154 2762 249 2829 quum
285 2762 342 2805 non
370 2749 488 2802 tantum
515 2735 673 2821 elegantiae
699 2740 843 2804 orationis
869 2737 1079 2804 consuleretur
1105 2743 1254 2826 quantum

153 2841 354 2906 concinnitati.
383 2839 449 2916 Quo
469 2848 567 2900 tamen
587 2838 687 2902 studio
705 2859 762 2902 non
780 2859 885 2902 omnes
902 2840 1016 2925 pariter
1033 2834 1151 2923 abrepti
1170 2835 1253 2902 lere-

155 2939 278 3021 bantur3
316 2949 419 3005 contra
460 2956 495 3001 ea
536 2935 670 3003 nonnulli
695 2937 832 3020 luerunt,
857 2939 909 3025 qui
935 2958 1029 3025 quum
1056 2934 1178 3002 delicias
1204 2939 1252 3002 sui

153 3040 254 3106 saeculi
282 3061 339 3105 non
366 3038 439 3102 satis
465 3032 641 3122 probarent,
676 3038 831 3123 pristinam
849 3034 968 3103 dicendi
987 3035 1251 3115 consuetudinem,

152 3153 300 3230 quantum
327 3135 450 3227 quidem
478 3133 537 3199 illis
564 3135 753 3224 temporibus
778 3134 842 3202 lieri
873 3150 990 3223 posset,
1019 3147 1178 3202 tuerentur
1196 3147 1249 3200 at-

151 3261 210 3331 qua
237 3249 460 3306 conservarent.
512 3233 649 3312 Quorum
677 3238 776 3301 nascio
799 3257 837 3302 an
861 3232 1072 3322 dignissimus,
1089 3238 1140 3323 qui
1159 3256 1249 3300 com-

154 3353 347 3417 memoretur,
384 3337 425 3401 sit
462 3335 499 3399 Μ.
539 3335 650 3402 Fabius
685 3336 893 3414 Quintilianus.
946 3336 1005 3415 Qui
1033 3336 1061 3399 in
1088 3335 1248 3421 Hispania,

151 3448 186 3501 ut
213 3429 376 3520 videturl),
404 3448 493 3500 uatus
520 3434 624 3500 Romae
651 3437 808 3524 pueritiam
835 3437 896 3521 egit
921 3433 1021 3521 ibique
1039 3432 1157 3498 dicendi
1177 3445 1249 3498 stu-

221 3614 248 3678 1)
266 3613 316 3663 Ofr.
334 3613 452 3664 Bonnell.
471 3615 501 3664 de
518 3620 619 3665 mutato
636 3615 682 3664 sub
700 3616 788 3678 primis
801 3612 941 3664 Cesaribus
954 3613 1103 3678 eloquentie
1115 3610 1245 3669 Romana.

150 3682 294 3733 condicione
308 3683 377 3732 Berl.
397 3680 463 3732 1836
480 3699 505 3746 p,
523 3683 548 3732 8.

217 3766 245 3830 2)
263 3766 313 3816 Clr.
333 3766 450 3817 Persium
469 3766 516 3817 Set
532 3767 567 3825 I.,
588 3767 726 3815 Funccium
744 3766 775 3815 de
792 3765 854 3814 imm
871 3766 900 3816 L.
919 3765 948 3815 L.
968 3765 1027 3817 Sen.
1047 3779 1101 3831 cop.
1119 3765 1133 3816 1
1151 3768 1167 3829 3
1187 3765 1227 3816 13.

216 3834 244 3899 3)
263 3835 312 3884 Cir.
331 3835 454 3894 Helicen,
473 3836 564 3886 Geseh.
583 3835 629 3884 der
646 3834 702 3883 Lat.
722 3833 764 3897 Sp.
783 3834 871 3885 Brund
890 3835 997 3900 185212.
1018 3831 1075 3886 166.

215 3904 244 3967 4)
262 3902 312 3952 cu.
332 3903 681 3959 Mothor.,u01>auv.mv.
700 3918 721 3952 e.
740 3902 770 3959 93
789 3903 930 3954 Funccium
947 3903 964 3953 l.
983 3903 1000 3952 l.
1020 3917 1041 3954 c.
1061 3901 1074 3952 1
1092 3903 1108 3965 ς
1127 3902 1168 3952 18.

216 3970 243 4034 5)
262 3970 314 4020 Gir.
334 3972 457 4022 Dodvell.
478 3973 546 4024 Anu.
567 3971 655 4034 Quint.
675 3973 691 4033 ἕ
709 3973 735 4029 4.
753 3974 778 4029 t,
797 3969 821 4021 6.
