2812 4642
198 174 243 236 28

246 337 333 418 Quod
361 338 397 402 ad
429 337 585 419 historica,
611 359 681 425 quae
710 354 865 422 vocantur,
887 351 1023 426 tempora
1043 342 1166 425 attinet,
1185 363 1241 405 re-

145 443 242 527 perias
280 461 338 505 non
378 436 476 504 solum
503 435 624 526 Imperi.
649 438 741 503 lndic.
772 443 800 504 in
829 437 965 527 epodosi,
994 439 1043 507 ubi
1071 441 1099 505 iu
1126 444 1242 529 protasi

143 545 182 607 sit
210 543 284 628 Imp.
311 533 439 626 Conj.¹)‚
475 540 528 605 sed
562 540 652 602 etiam
685 538 878 628 Plusquamp.
904 537 996 604 ludio.
1022 539 1059 604 ad
1089 543 1164 627 lmp.
1194 540 1243 604 vei

143 641 245 729 Piusq.
283 639 364 726 Conj.
405 633 578 720 relatum').
640 638 851 728 Qutdtquod
878 653 948 705 suut
983 639 1053 723 ioci,
1088 639 1140 707 ubi
1167 641 1244 728 Imp.

146 740 192 806 vel
221 741 297 830 qui.
324 740 404 828 Conj.
432 743 472 805 ita
500 742 631 828 positum
659 740 712 820 sit,
740 755 774 806 ut
791 761 851 827 quo
870 738 1029 820 referatur,
1049 740 1244 807 nonhabeat.

145 843 203 921 Qui
243 841 351 907 horum
390 854 560 926 temporum
594 861 668 904 usus
694 839 733 904 ita
762 838 957 927 explicandus
986 840 1114 922 videtur,
1142 854 1177 906 ut
1205 839 1243 906 ad

144 941 348 1008 condicionem
375 931 543 1030 quandem,
569 959 639 1028 quae
659 937 821 1006 verborum
841 942 955 1005 ratione
974 940 1081 1027 p‘arum
1095 962 1244 1030 expressa

144 1045 325 1129 cogitatione
351 1038 519 1130 supplenda
546 1043 602 1120 sit,
631 1037 723 1103 relata
751 1033 961 1124 credantur³).

248 1160 282 1222 lu
309 1157 522 1223 consecutione
549 1170 716 1240 temporum
746 1154 850 1221 multis
877 1155 951 1220 tocie
976 1157 1077 1236 Quint.
1104 1178 1120 1221 a
1147 1157 1246 1223 Cice-

146 1262 225 1325 ronis
264 1253 481 1323 consuetudine
514 1255 646 1318 recessit.
698 1256 799 1332 Quum
826 1258 905 1319 enim
932 1253 1037 1322 Cicero
1062 1278 1097 1323 ea
1125 1262 1247 1324 ratione

143 1357 353 1426 secundariam
381 1357 619 1421 enunciationem
640 1356 788 1442 primariae
802 1354 951 1440 subjicere
969 1355 1076 1423 soiitos
1091 1370 1190 1436 esset,
1212 1371 1248 1424 ut

147 1473 268 1546 tempus
306 1455 391 1524 verbi
428 1457 608 1542 conjunctivi
641 1456 678 1519 ad
708 1469 827 1542 tempus
853 1456 995 1538 actionis,
1021 1478 1091 1545 quae
1117 1459 1146 1523 in
1174 1459 1248 1544 pri-

149 1562 240 1626 marie
260 1555 490 1644 significaretur,
517 1555 657 1638 referret,
684 1555 784 1633 Quint.
804 1576 886 1644 saepe
907 1553 951 1619 vel
971 1555 1008 1620 ed
1025 1579 1115 1622 suum
1137 1557 1183 1622 vei
1204 1557 1245 1623 ad

146 1681 233 1726 omne
267 1673 387 1744 tempus
420 1655 607 1720 secundariae
637 1654 762 1720 verbum
790 1654 901 1720 retulit.
954 1656 1021 1734 Quo
1048 1656 1178 1737 iactum,
1209 1671 1247 1723 ut

148 1759 294 1826 Praesenti
320 1770 350 1822 et
379 1756 515 1822 Perfecto
543 1755 717 1841 frequenter
744 1775 818 1819 usus
843 1758 898 1834 sit,
925 1753 977 1820 ubi
1003 1777 1043 1821 ex
1070 1756 1164 1822 altere
1185 1781 1246 1823 ra-

146 1864 226 1926 tione
264 1871 384 1944 tempus
413 1856 587 1921 historicum
615 1854 706 1920 tuerit
734 1849 952 1940 ponendum⁴).
1006 1857 1112 1945 Neque
1140 1869 1247 1923 tamen

148 1980 300 2048 uunquam
329 1970 468 2023 veterum
497 1976 608 2020 morem
635 1969 760 2019 secutus
786 1949 880 2039 est⁶).

249 2075 281 2138 lu
315 2085 475 2167 Infinitive
509 2092 568 2136 usu
608 2069 710 2147 Quint.
736 2069 864 2156 piurima
891 2093 907 2136 a
937 2072 1093 2140 veteribus
1121 2072 1245 2140 diversa

146 2176 253 2254 habet3
296 2197 366 2264 quae
404 2187 504 2240 tamen
541 2172 661 2235 omnino
698 2167 735 2234 ad
770 2171 996 2237 simititudinem
1023 2195 1145 2254 eorum,
1173 2196 1247 2264 quae

146 2291 233 2343 autea
263 2279 371 2342 usitata
400 2275 543 2352 fuissent,
572 2267 712 2335 ridentur
738 2270 973 2338 accommodata.
1027 2274 1130 2340 Multis
1148 2275 1246 2363 igitur

148 2375 248 2442 verbis
275 2374 461 2441 infinitivum
488 2371 634 2457 subjecit,
660 2392 729 2457 quae
756 2371 835 2456 apud
854 2375 992 2462 antiquos
1010 2386 1063 2438 aut
1082 2379 1152 2440 Aer.
1172 2395 1245 2440 cum

148 2477 202 2542 tut.
240 2489 292 2540 aut
331 2474 441 2541 lufinit.
479 2471 618 2559 apposito
650 2469 767 2553 objecto
800 2491 936 2558 personae
962 2471 1018 2538 sibi
1047 2475 1244 2560 conjunctum

148 2577 296 2658 habeant,
335 2575 434 2663 quelie
472 2584 544 2638 sunt
578 2563 799 2662 prohibere⁸)‚
836 2589 950 2658 uetare,
971 2585 1093 2666 jubere,
1126 2605 1243 2667 capere.

147 2680 222 2743 Tum
263 2675 446 2743 infinitivum
485 2673 533 2737 vol
557 2675 644 2736 ¹tire.
683 2691 752 2736 cum
792 2672 845 2738 tnt.
874 2675 902 2736 in
930 2673 1032 2739 multis
1062 2673 1162 2740 verbis
1189 2696 1246 2764 pro

218 2856 244 2920 1)
262 2856 300 2904 Ut
318 2853 495 2916 inpraesenti,
514 2853 580 2916 quod
599 2853 671 2903 modo
689 2853 811 2909 vidimus,
831 2853 867 2901 ita
883 2853 926 2901 hic
937 2854 997 2902 talis
1010 2870 1073 2904 usus
1091 2854 1244 2919 frequentis-

150 2927 229 2975 simus
248 2925 332 2972 estin
355 2922 436 2970 verbis
461 2935 515 2969 ocae
531 2935 589 2968 cum
608 2920 680 2983 Aaj„
695 2935 783 2984 potae,
804 2919 880 2969 licere
897 2927 959 2979 eet,
977 2923 1003 2972 in
1022 2924 1114 2986 quibus
1132 2923 1210 2971 etiem
1228 2939 1245 2972 a

149 2995 269 3044 Cicerone
287 2991 335 3041 hoc
351 2993 501 3051 usurpatum
517 2994 564 3037 est.
601 2988 651 3037 (11,.
672 2988 695 3047 1,
713 2990 738 3046 4,
756 2988 797 3047 22,
817 2990 841 3046 5,
861 2989 901 3046 18,
918 2988 944 3048 6,
963 2988 988 3048 3,
1007 2990 1047 3050 16,
1067 2990 1108 3049 11,
1126 2990 1152 3048 2,
1169 2989 1212 3039 33.

217 3093 244 3157 2)
264 3091 314 3155 eft·
340 3088 366 3146 6,
394 3087 419 3145 2,
446 3088 487 3147 253
507 3087 534 3146 8,
551 3090 576 3148 4,
594 3091 620 3147 4,
639 3091 662 3138 5.
698 3090 823 3139 Praeclure
840 3091 872 3139 de
890 3091 938 3140 hae
956 3104 982 3140 re
1001 3091 1141 3155 disputavit
1164 3090 1248 3155 Jung.

148 3164 265 3214 claussen
284 3160 301 3207 l.
320 3158 337 3206 l.
357 3173 381 3221 p.
400 3154 416 3205 9
434 3171 471 3219 sq.

217 3259 244 3324 3)
263 3260 313 3309 Cfr.
334 3259 357 3317 1,
377 3258 460 3316 1,22;
480 3257 504 3314 6,
524 3258 547 3316 1,
565 3258 607 3314 44;
627 3257 652 3315 2,
670 3254 694 3316 3,
713 3254 738 3315 7,
756 3257 782 3314 2,
800 3257 841 3316 22,
860 3256 885 3315 8,
904 3258 957 3315 Pr„
976 3258 1017 3318 243
1032 3258 1073 3318 10,
1087 3260 1110 3318 l,
1125 3260 1182 3319 1113
1202 3259 1245 3318 11,

149 3330 234 3465 ἒέεῗξς
259 3328 284 3387 9,
311 3328 336 3385 2,
361 3326 396 3376 83
419 3324 502 3391 (quod
517 3341 563 3391 ,ρο
580 3340 709 3389 sequerer,
728 3341 761 3374 ec.
781 3327 803 3374 si
820 3326 883 3373 mihi
901 3327 929 3374 iu
947 3327 995 3376 tuti
1013 3342 1090 3377 cause
1107 3329 1244 3378 dicendum

217 3500 245 3564 4)
263 3499 348 3549 Etiam
365 3497 408 3545 ubi
425 3510 457 3545 ne
474 3495 513 3544 rel
537 3501 567 3543 ut
583 3495 615 3543 cri
639 3495 773 3544 consilium
792 3495 878 3559 signifi
896 3495 1037 3545 adhibitum
1056 3504 1107 3554 est,
1125 3497 1173 3547 hoc
1191 3497 1244 3548 tue·

148 3577 213 3626 tum;
232 3568 277 3617 cfr.
305 3566 330 3624 4,
357 3565 382 3623 2,
409 3561 467 3622 107,
486 3563 543 3621 1283
563 3563 607 3612 cir.
626 3570 748 3626 praeterea
766 3579 804 3612 ex.
821 3563 938 3612 a'Bonn.
956 3579 981 3626 p.
999 3564 1076 3613 LVII
1095 3581 1132 3630 sq.
1150 3565 1243 3623 allate,

149 3639 240 3755 (111211238
255 3635 330 3751 lanitio
352 3634 405 3690 Pr„
424 3631 448 3692 6i
468 3631 492 3689 1,
510 3628 535 3688 7,
554 3630 576 3687 li
596 3630 621 3689 3,
639 3630 664 3690 6,
681 3632 721 3689 203
740 3631 766 3690 8,
784 3633 809 3689 2,
827 3631 869 3689 223
888 3630 913 3688 3,
932 3631 973 3690 903
995 3632 1035 3690 ll,
1054 3634 1077 3691 1,
1096 3632 1137 3693 481
1156 3632 1181 3691 3,
1198 3632 1245 3693 681

217 3806 245 3873 ὅ)
262 3805 313 3854 cn.
330 3808 423 3868 praeter
439 3801 522 3850 Boun.
540 3815 566 3865 p.
584 3799 645 3850 LIX
662 3799 687 3858 2,
707 3799 748 3858 10,
766 3800 791 3860 2,
810 3803 834 3858 5,
854 3801 894 3859 14,
912 3801 937 3859 2,
957 3800 998 3860 11,
1018 3803 1041 3861 1,
1060 3801 1101 3854 59.

216 3905 245 3973 6)
264 3903 320 3963 Quo
343 3905 370 3952 in
393 3903 468 3953 verbo
490 3908 592 3967 propter
609 3904 788 3966 grammaticos
807 3903 1053 3953 commemorandum
1071 3911 1124 3964 est,
1143 3920 1199 3956 raro
1217 3906 1245 3956 td

148 3976 216 4041 apud
233 3975 340 4039 optimos
358 3973 492 4035 scriptores
510 3986 568 4020 cum
585 3985 618 4020 ne
631 3978 677 4021 aut
684 3968 822 4035 parentinus
829 3972 955 4032 junctum.
