2812 4642
1122 245 1142 309 3

96 411 166 476 dem
209 432 306 500 neque
346 413 374 474 in
408 408 574 496 deligendis
603 407 702 474 verbis
730 420 791 473 tarn
818 408 940 496 elegans
963 405 1109 496 judicium
1136 406 1197 472 ad-

97 509 222 578 hibebat
260 523 290 575 et
317 513 345 576 in
372 507 589 597 conjungendis
629 507 766 574 nonnulla
800 529 913 574 novare
939 530 995 574 non
1025 504 1197 574 verebatur.

23 591 201 696 plaQuarc
226 611 294 696 jure
321 611 433 674 dixeris
461 613 489 674 in
516 608 683 674 elocutione
710 608 776 694 ejus
802 611 888 699 quasi
917 610 1078 673 transitum
1096 627 1198 697 qucn-

52 711 55 714 ’
98 711 170 776 darn
203 712 240 776 ad
275 713 483 799 insequentem
517 723 638 774 aetatem
664 712 806 795 conspici.
857 711 934 788 Quae
960 707 1070 797 quibus
1096 710 1197 773 causis

98 814 128 876 in
155 809 251 875 literis
277 829 476 897 sermoneque
510 831 526 874 a
559 811 716 897 superiore
742 807 863 876 diversa
890 810 1058 889 exstiterit,
1092 811 1197 895 paucis

98 910 311 997 exponendum
340 907 469 973 videtur.
558 908 560 912 ⁴

202 1012 246 1075 Ac
273 1009 404 1096 primurn
431 1008 553 1097 quidem
582 1005 836 1073 considerandum
858 1018 921 1089 est,
944 1019 1087 1095 quantam
1107 1028 1198 1072 com-

98 1123 214 1176 mutata
240 1107 414 1197 reipublicae
433 1107 567 1173 condicio
593 1104 631 1171 ad
653 1110 769 1173 animos
795 1107 950 1173 hominum
970 1104 1107 1172 habuerit
1126 1109 1198 1173 vim.

98 1213 176 1276 Nam
215 1231 308 1299 quum
349 1207 474 1273 lloreotc
512 1205 604 1272 libera
645 1206 796 1295 republica
824 1229 858 1272 ea
888 1206 1016 1272 luissent
1043 1205 1196 1271 hominum

96 1309 198 1377 studia
241 1329 277 1374 ac
317 1306 503 1389 voluntates,
547 1321 580 1373 ut
607 1307 732 1393 singulis
756 1310 850 1394 patria
878 1309 1004 1395 ejusque
1031 1327 1079 1370 res
1105 1328 1198 1395 quam

99 1414 242 1475 maximae
279 1429 362 1474 curae
399 1421 517 1492 essent,
549 1428 643 1495 quum
671 1410 842 1493 praesertim
868 1409 1004 1496 quisquis
1030 1407 1104 1471 civis
1132 1408 1197 1472 Ro-

99 1532 207 1576 manus
233 1520 316 1574 esset
344 1507 437 1574 rebus
463 1506 710 1574 administrandis
737 1509 884 1572 interesse
902 1505 1195 1595 quodammodosibi

98 1609 264 1692 videretur,
287 1609 348 1693 jarn
378 1623 537 1697 postquam
565 1607 601 1672 ad
632 1609 719 1672 unius
746 1606 904 1673 arbitrium
927 1609 1025 1672 omnia
1045 1609 1107 1693 geri
1125 1621 1197 1671 sunt

99 1723 221 1799 coepta,
251 1708 406 1799 paullatim
434 1707 547 1774 lactum
574 1719 635 1784 est,
664 1719 698 1798 ut
726 1707 843 1773 vincula
872 1728 923 1787 ea,
951 1706 1063 1796 quibus
1090 1706 1198 1792 singuli

100 1832 170 1876 cum
204 1813 327 1876 civitate
354 1819 439 1873 erant
466 1809 633 1896 conjuncti,
669 1805 842 1873 laxarentur
875 1806 1071 1894 hominesque
1097 1827 1114 1871 a
1143 1827 1198 1872 re-

99 1918 167 1976 rum
197 1908 384 1998 publicarum
411 1909 512 1973 studio
539 1907 577 1974 ad
602 1928 636 1971 se
663 1928 795 1994 suasque
824 1930 872 1974 res
899 1919 1108 1972 avocarentur.
1136 1907 1193 1971 ht-

98 2032 158 2099 que
185 2032 218 2075 ea
248 2020 314 2075 erat
341 2031 443 2073 rerum
472 2009 625 2090 condicio,
652 2020 684 2072 ut
710 2028 805 2095 quum
833 2008 945 2097 optimo
972 2009 1081 2095 cuique
1108 2004 1197 2071 dolo-

100 2132 164 2175 rem
192 2110 343 2201 quendam
370 2129 406 2172 ac
433 2110 612 2174 moestitiam
639 2121 775 2196 pareret,
802 2130 871 2174 curn
900 2109 928 2171 in
955 2128 989 2172 se
1016 2108 1114 2195 ipsum
1142 2127 1199 2172 re-

100 2207 165 2274 dire
198 2224 320 2298 cogeret
353 2223 383 2275 ct
419 2229 489 2274 cum
516 2231 571 2274 suo
597 2211 696 2273 animo
724 2207 762 2272 de
790 2231 891 2275 rerum
918 2220 1015 2288 statu,
1043 2207 1140 2296 qualis
1167 2220 1199 2273 et

99 2323 182 2374 esset
199 2324 231 2375 et
248 2331 316 2375 esse
334 2307 474 2389 deberet,
503 2311 634 2394 cogitare
643 2302 674 2393 ¹).
721 2306 794 2374 lnde
813 2309 935 2391 lactum,
952 2321 987 2373 ut
1004 2306 1081 2372 illius
1099 2311 1199 2372 aetatis

98 2413 266 2497 scriptores
298 2430 364 2473 earn
398 2410 426 2473 in
453 2407 632 2497 eloquendo.
647 2409 791 2474 rationem
817 2421 1028 2498 sequerentur,
1053 2428 1112 2496 qua
1141 2430 1199 2473 oon

102 2522 164 2576 tam
185 2530 233 2576 res
252 2512 347 2599 ipsas,
373 2506 479 2596 quales
506 2507 645 2574 sensibus
671 2508 797 2596 objectae
824 2522 936 2589 essent,
963 2529 1054 2598 quern
1081 2509 1199 2597 species

100 2630 205 2675 earum
240 2611 419 2696 cogitatione
454 2606 630 2674 informatas
656 2605 891 2695 designarent²l
943 2608 1020 2687 Qua
1047 2611 1123 2673 ratio
1150 2644 1198 2660 -

103 2706 366 2803 Scbjectivrbmus
388 2707 558 2797 appellatur
581 2744 628 2758 -
651 2719 684 2774 ut
710 2730 726 2774 a
756 2723 895 2775 veterum
922 2709 1124 2775 Romanorum
1149 2711 1200 2772 in-

45 2864 53 2882 ,
102 2813 189 2896 genio
216 2807 414 2888 abhorrebat,
442 2811 481 2872 ita
509 2805 547 2872 ad
576 2806 653 2873 illius
679 2811 778 2873 aetatis
802 2807 914 2895 judicia
942 2806 1030 2896 plane
1056 2821 1123 2872 erat
1140 2828 1199 2873 ac-

102 2908 275 2990 comodata,
314 2909 340 2974 ei
378 2905 498 2998 quidem
533 2920 597 2972 turn
627 2911 793 2974 Romania
822 2910 940 2996 propria
968 2928 1024 2973 sua
1051 2906 1198 2973 sentiendi

103 3010 321 3075 consuetudine
349 3011 388 3073 ita
418 3020 620 3092 recesserant,
647 3022 679 3074 ut
707 3007 797 3094 hujus
824 3008 998 3074 recentioris
1024 3012 1123 3074 aetatis
1142 3030 1198 3073 non

103 3112 223 3174 omnino
249 3105 410 3176 dissimiles
435 3106 529 3173 fuisse
557 3107 725 3174 videantur.

204 3211 269 3275 Jaru
310 3230 382 3274 vero
419 3206 457 3272 ad
496 3229 595 3274 mores
629 3231 667 3274 ex
694 3211 782 3275 unius
808 3207 1011 3275 dominatione
1038 3207 1221 3296 plurimum

103 3308 173 3373 mali
200 3307 399 3375 redundabat.
452 3308 553 3386 Quum
581 3312 660 3376 eninr
687 3330 847 3375 commune
874 3307 946 3374 illud
974 3329 1075 3373 rerum
1094 3312 1199 3395 patriae

104 3408 240 3472 studium
273 3411 457 3473 exstinctum
489 3423 586 3492 esset,
613 3429 711 3500 neque
736 3410 811 3474 satis
838 3422 921 3473 esset
948 3418 1048 3472 tutum
1076 3412 1105 3472 in
1132 3408 1200 3474 luce

105 3525 206 3570 rerum
241 3505 429 3594 publicarum
463 3512 593 3593 versari,
626 3508 712 3575 facile
744 3507 880 3573 homines
905 3505 942 3572 ad
971 3508 1069 3572 victus
1096 3528 1200 3574 curam

104 3604 312 3684 declinabant,
352 3608 391 3670 ita
433 3620 467 3671 ut
505 3605 543 3672 ad
570 3608 763 3696 voluptatum
794 3608 977 3673 suavitatem
1005 3607 1200 3696 confugerent

176 3767 202 3832 1)
221 3767 271 3817 Otr.
290 3769 321 3818 B.
341 3768 367 3818 G.
386 3771 420 3820 H.
438 3771 525 3834 Htjer,
543 3786 652 3836 compar.
671 3771 769 3820 oesthet.
788 3772 854 3820 inter
873 3778 990 3823 auctores
1008 3786 1092 3822 cureae
1105 3777 1131 3822 et
1145 3767 1198 3839 erg.

104 3837 187 3884 aetatis
205 3836 290 3886 Latin.
311 3854 386 3901 opera
404 3840 459 3888 coll.
478 3839 511 3888 V.
529 3856 554 3903 p.
573 3839 623 3889 289
642 3855 695 3904 sqq.

174 3904 200 3966 2)
220 3904 270 3954 Cir.
289 3907 446 3971 Rosengren‚
466 3908 496 3956 de
514 3924 565 3973 arg.
585 3910 634 3958 litt.
653 3909 697 3957 lat.
716 3909 854 3972 aphorismi
872 3909 934 3972 Ups.
955 3907 1030 3958 1852.
1048 3908 1199 3972 Jungclcus·

105 3988 158 4030 een,
186 3971 299 4032 Quaestio
318 3979 459 4038 syntecticis
482 3979 512 4027 de
536 3976 633 4028 Tacitei
656 3979 778 4027 sermonis
797 3979 950 4042 proprietate
967 3978 1098 4041 inusurp.
1118 3977 1199 4026 verbis

104 4047 150 4090 etc.
168 4041 229 4090 Kiel
248 4041 357 4108 184812.
375 4045 417 4104 41,
437 4061 473 4109 sq.
