2812 4642
274 167 294 232 6

223 332 280 400 diis
307 353 428 420 operam
456 327 554 413 dedit,
586 354 679 422 quum
714 336 846 398 maxime
875 334 1037 399 Domitium
1064 332 1171 400 Afrum
1191 347 1220 400 et
1241 334 1326 400 Ser-

224 431 327 498 vilium
365 433 536 500 Nonianum
568 429 727 521 audiret¹).
786 433 860 499 Inde
888 436 915 497 in
945 437 1073 522 patriam
1102 435 1327 501 rever-sasall-

222 546 296 622 quot
324 532 363 598 ibi
391 554 485 599 annos
512 548 714 600 commoratus
740 548 801 615 est,
829 532 924 598 donec
950 554 966 598 a
995 532 1089 600 Galba
1123 535 1248 599 Romam
1276 548 1327 601 est

222 632 403 722 perductus,
442 631 493 698 ubi
531 654 625 720 quum
654 636 681 700 in
710 633 772 700 loro
800 637 839 700 ita
868 648 1009 698 versatus
1035 651 1132 714 esset,
1152 647 1185 700 ut
1213 657 1324 722 magna

223 732 312 800 laude
338 732 476 817 floreret,
503 732 744 800 honestissimum
772 747 883 823 putans
910 733 1061 818 desinere,
1098 735 1169 800 dum
1198 734 1325 800 deside-

224 828 395 920 raretur⁸),
423 833 459 897 ad
489 833 681 921 praecipiendi
709 857 819 899 munus
838 855 870 898 se
889 832 1022 898 contulit.
1056 833 1143 914 Quod
1164 847 1326 923 postquam

225 955 278 1020 per
304 935 410 1019 viginti
435 954 538 1016 annos,
564 955 657 1022 quum
686 933 802 1022 publico
829 932 976 1019 stipendio
1003 945 1149 1015 uteretur,
1170 938 1327 1019 exercuit,

223 1031 252 1098 id
293 1053 458 1119 aggressus
496 1046 558 1114 est,
600 1045 647 1113 ut,
685 1056 754 1122 quae
788 1033 826 1099 de
856 1045 923 1097 arte
949 1031 1064 1098 dicendi
1092 1049 1123 1100 ot
1151 1037 1266 1100 ratione
1291 1026 1339 1101 et'

225 1153 283 1198 usu
309 1134 425 1218 cognita
453 1131 601 1216 babebat,
627 1153 660 1198 ea
690 1133 784 1199 literis
811 1133 1019 1223 persequendo
1046 1133 1223 1224 eloquentiae
1247 1149 1323 1202 stu-

224 1231 317 1298 diosis
344 1231 486 1299 traderet.
540 1232 665 1298 Duobus
699 1235 790 1321 igitur
823 1236 909 1298 aunis
946 1233 1070 1319 perfecit
1097 1256 1172 1322 opus
1199 1233 1245 1298 de‘
1265 1239 1324 1301 In-

224 1334 381 1398 stitutione
419 1334 575 1415 Oratoria‚
616 1333 695 1421 quod
737 1356 831 1399 unum
863 1355 900 1398 ex
935 1335 984 1415 lie,
1026 1357 1095 1422 quae
1121 1337 1257 1424 scripsit,
1283 1335 1324 1402 ad

224 1431 302 1497 hano
328 1444 451 1497 aetatem
481 1438 629 1521 pervenit.
682 1437 760 1499 Nam
787 1434 945 1521 Dialogum
973 1432 1073 1517 illum,
1099 1435 1150 1524 qui
1176 1434 1214 1499 de
1237 1437 1324 1502 Ora-

226 1530 341 1597 toribus
378 1530 495 1615 dicitnr,
529 1554 545 1599 a
578 1533 762 1613 Quintiliano
791 1537 912 1599 minime
939 1555 1007 1599 esse
1034 1537 1233 1620 compositum
1258 1537 1321 1622 jam

225 1653 280 1721 pro
307 1644 390 1697 certo
416 1633 645 1719 comprobatum
673 1628 829 1720 vidend).
882 1633 968 1713 Quod
996 1634 1075 1699 idem
1104 1637 1132 1698 in
1156 1634 1322 1700 Declama-

128 1784 135 1791 .
225 1729 357 1796 tionibus
396 1729 496 1796 dicere
533 1733 612 1798 licet.
678 1737 756 1800 Nam
782 1732 887 1800 CXLV
912 1733 976 1799 illos
1003 1756 1040 1798 ex
1065 1732 1322 1802 CCCLXXXVlll

224 1844 387 1918 excerptas
428 1844 546 1898 constat
587 1854 681 1921 quum
715 1856 730 1897 a
765 1832 882 1899 dicendi
910 1837 1023 1899 ratione
1049 1834 1222 1912 Quintiliani
1249 1857 1322 1900 om-

225 1932 294 1996 nino
330 1929 509 2016 abhorrere,
549 1945 613 1999 tum
654 1936 732 1999 inter
760 1955 793 1998 se
821 1947 882 1999 tam
911 1933 1070 1998 dissimiles
1097 1956 1180 2016 esse,
1208 1938 1259 1999 rix
1287 1948 1322 1999 ut

226 2030 314 2096 unius
339 2034 438 2097 aetatis
465 2053 533 2097 esse
566 2027 772 2120 videantur⁴).
825 2035 921 2120 Magis
948 2045 1049 2098 autem
1077 2032 1248 2100 dubitatum
1275 2047 1324 2100 est

225 2128 263 2195 de
300 2131 372 2195 XIX
411 2130 494 2214 illis‚·
519 2154 588 2221 quae
627 2145 726 2198 tamen
754 2132 899 2220 ejusmodi
926 2144 1011 2213 sunt,
1039 2147 1073 2198 ut
1102 2155 1119 2198 a
1148 2133 1321 2211 Quintiliani

223 2228 336 2316 judicio
375 2229 481 2296 alienae
519 2231 687 2316 videantur,
730 2237 780 2324 qui
822 2231 913 2313 tales,
953 2231 1057 2322 quales
1092 2236 1119 2296 in
1153 2232 1199 2296 his
1233 2246 1322 2315 suot,
1392 2309 1396 2316 ¹

227 2331 384 2414 materias,
421 2331 460 2397 ab
497 2336 576 2398 omni
615 2332 681 2399 illas
714 2331 835 2424 quidem
864 2337 993 2398 veritate
1021 2347 1167 2412 remotas,
1200 2337 1322 2398 minime

226 2425 407 2518 probavitl).

328 2531 456 2605 Tantum
491 2533 569 2596 enim
603 2533 705 2615 abest,
740 2545 774 2597 ut
804 2553 869 2597 suae
895 2530 943 2596 ille
969 2533 1069 2596 aetatis
1095 2533 1123 2596 in
1152 2530 1321 2619 eloquentia

226 2630 371 2693 rationem
405 2633 505 2696 animo
536 2652 571 2696 ac
597 2633 698 2698 studio
725 2634 763 2696 sit
790 2631 963 2718 amplexus,
991 2643 1023 2696 ut
1049 2651 1114 2695 earn
1142 2630 1229 2718 plane
1259 2632 1323 2696 im-

226 2726 413 2815 probandam
449 2744 479 2798 et
515 2735 645 2798 senserit
683 2748 714 2797 et
751 2731 906 2820 professus
935 2732 984 2796 sit.
1036 2733 1112 2797 Nam
1139 2751 1232 2818 quum
1261 2741 1322 2793 tam

225 2826 406 2915 praeclaram
442 2844 543 2897 mente
582 2834 769 2919 concepisset
799 2829 978 2918 eloquentiae
1005 2832 1167 2909 notionem,
1194 2840 1229 2892 ut
1256 2851 1323 2894 earu

226 2927 404 3014 intelligeret
444 2931 675 3019 pulcherrimam
714 2951 832 3010 rerum,
872 2951 941 3019 quae
981 2941 1011 2994 et
1047 2950 1150 2994 omnes
1184 2944 1266 2994 artes
1292 2943 1323 2993 et

225 3023 320 3092 bonos
360 3050 458 3095 mores
497 3031 752 3118 complecteretur
789 3050 978 3118 summaeque
1015 3032 1042 3095 in
1077 3028 1169 3094 rebus
1196 3028 1321 3116 publicis

226 3139 308 3191 esset
334 3123 569 3218 auctoritatis⁶),
604 3129 668 3196 fieri
695 3153 752 3195 non
781 3131 892 3218 potuit,
926 3131 996 3218 quio
1032 3152 1047 3195 a
1076 3128 1168 3195 forma
1188 3128 1236 3194 illa
1255 3129 1321 3215 ejus

225 3227 315 3308 artis,
340 3249 409 3316 quae
437 3231 529 3317 ipsius
555 3243 646 3295 aetate
673 3243 753 3310 erat,
782 3241 844 3295 toto
862 3232 961 3295 animo
979 3229 1164 3295 abhorreret.
1193 3228 1323 3294 Videbat

226 3327 307 3391 enim
334 3342 430 3392 artem
463 3327 580 3394 dicendi
614 3328 651 3394 ad
683 3329 927 3396 declamatoriam
954 3327 1105 3418 quandam
1129 3329 1322 3415 jactationem

299 3490 466 3556 1)Dodwolt.
485 3493 502 3542 l.
521 3495 539 3542 l.

296 3574 324 3638 2)
342 3574 392 3623 Cfr.
412 3575 433 3624 Ι.
454 3576 496 3626 Or.
516 3577 540 3636 2,
564 3578 605 3636 12,
625 3579 671 3638 12;
695 3581 735 3639 12.
756 3580 796 3638 11,
815 3580 839 3629 2.

295 3657 324 3723 3)
342 3659 393 3708 cn.
413 3659 498 3723 Spald.
518 3662 550 3711 ad
568 3677 669 3725 prooem.
690 3664 734 3712 lib.
752 3662 776 3712 6.

295 3743 323 3806 4)
342 3743 392 3793 Cfr.
411 3745 500 3794 Burm.
523 3748 550 3794 in
572 3747 643 3808 prael.
671 3745 769 3806 Quint„
794 3746 879 3810 Spald.
907 3747 934 3794 in
961 3747 1030 3809 prael.
1062 3760 1086 3807 p.
1107 3743 1160 3802 XL,
1179 3745 1274 3795 Funcc.
1294 3746 1319 3793 d.

221 3815 295 3862 imm.
314 3812 344 3860 L.
363 3813 393 3861 L.
413 3811 472 3862 San.
492 3812 519 3862 (l.
539 3813 580 3863 VI
598 3816 614 3877 ἓ
633 3814 673 3874 17,
693 3816 775 3865 Bonn.
795 3815 826 3864 de
844 3821 944 3864 mutato
958 3820 1007 3864 etc.
1024 3829 1048 3877 p.
1060 3812 1101 3861 25.

294 3896 322 3959 5)
341 3895 391 3944 cn.
411 3894 432 3945 1.
452 3894 482 3945 0.
504 3896 529 3954 2,
549 3896 590 3946 10.

224 4024 230 4031 .
293 3962 429 4030 e)ou.1.
449 3963 488 4021 0..
508 3965 550 4014 Pr.
570 3963 663 4024 9-11;
684 3966 724 4023 12,
745 3965 757 4014 1
777 3965 812 4022 iu,
832 3959 941 4014 25-27.
