2812 4642
1145 212 1223 289 99⁸

148 385 358 463 renunciatione
398 389 627 480 conjunctionuii
665 375 836 470 substituit,
872 402 904 456 ut
939 395 967 458 in
1006 415 1034 457 v.
1060 389 1244 470 permittere

148 498 221 585 (lui.
259 500 351 563 etium
387 516 450 583 seq.
489 496 555 557 Det.
596 491 706 579 perc),
747 503 912 566 concedere
933 487 1072 577 (int.)¹),
1099 507 1246 570 coenitare

147 606 226 685 (acc.
253 619 322 663 cum
344 595 397 660 inf.
415 597 506 659 etium
527 597 556 657 in
573 592 681 658 affirm.
699 597 832 678 cnunc),
856 589 1036 678 euadere'),
1065 596 1138 682 (inf.
1152 601 1244 662 etium

149 723 173 764 s.
204 702 297 783 Dat),
324 707 509 770 dissuadere
534 692 630 780 (tut).
683 695 834 759 Praeteren
862 694 946 758 lofin.
974 694 1098 761 itherius
1115 698 1246 784 subjecit

150 813 254 874 verbis
291 813 450 892 effectore,
488 806 683 880 desiderare,
718 806 852 881 discere,
882 805 1060 883 elaborare,
1078 810 1245 891 fastidire,

140 914 317 997 festinare,
339 911 494 993 pendere,
516 907 702 988 indipneri,
731 889 1245 990 11111113)111111111111111111111,

150 1018 249 1089 seire,
281 1016 420 1086 tendere,
454 1015 592 1083 tentare,
624 1015 656 1068 et
676 1007 750 1088 Adj.
783 1010 914 1090 clipeus,
949 1019 1127 1088 contenente,
1156 1034 1247 1094 quum

149 1126 234 1192 saepe
270 1107 360 1168 etiam
399 1101 624 1166 Nomiuntivum
661 1119 714 1185 pro
740 1100 905 1186 praedicato
932 1096 1155 1189 adjungeret⁴).
1208 1105 1248 1169 Et

151 1205 254 1272 verbis
293 1201 474 1291 quibusdum
512 1196 752 1285 impersonaliter
778 1202 934 1285 usurpatis
962 1200 1045 1266 infin.
1072 1202 1248 1269 insolentius

152 1305 290 1391 subjecit.
343 1300 499 1389 Ejusmodi
524 1311 596 1363 suni
623 1309 795 1390 eontinpit,
819 1311 926 1385 datur,
939 1304 1058 1374 cecidit
1071 1316 1116 1396 (3,
1132 1314 1162 1390 6,
1178 1315 1246 1394 66),

152 1416 297 1491 deiectat,
321 1414 454 1487 eccidit,
484 1417 584 1473 necet.
637 1399 737 1486 Atque
764 1398 914 1463 infinitivo
931 1422 970 1464 ex
990 1402 1040 1468 tnii
1061 1405 1154 1471 verbo
1168 1427 1248 1494 peu-

152 1508 234 1575 deuti
263 1511 355 1572 etiam
383 1501 581 1593 praedicetum
610 1498 718 1563 Datim
742 1517 818 1563 'cusu
844 1493 1028 1586 adjunxit³).
1080 1505 1248 1590 Adjectivis

153 1606 334 1698 quibusdem
371 1625 441 1669 cum
482 1599 574 1665 verbo
613 1629 677 1670 enee
706 1599 873 1685 conjunctis
899 1597 1067 1668 infinitivus
1093 1603 1248 1691 subjectus

154 1724 217 1793 cst,
256 1721 289 1773 ui
317 1716 466 1799 priunum
498 1718 558 1785 est,
590 1711 781 1793 prominerent
804 1718 849 1772 eet
870 1709 952 1793 (Cic.
973 1714 1034 1798 et),
1061 1722 1250 1798 promptum

154 1828 216 1898 eet,
245 1819 425 1902 compeditum
453 1822 511 1888 est,
541 1811 691 1875 naturale
716 1821 762 1875 eet
784 1811 980 1894 (Iniciet).
1024 1816 1113 1899 Pecs,
1134 1813 1248 1901 Inflm,

154 1934 284 2002 quocum
323 1908 371 1973 itta
410 1917 501 1972 aetnte
539 1904 622 1992 jungi
662 1903 799 1968 solebant
826 1923 890 1968 vno.
912 1917 1061 1994 prodest,
1091 1922 1248 2000 poenitet,

156 2023 237 2087 sate,
261 2028 322 2095 m,
348 2023 526 2090 contentus,
554 2017 627 2086 cet,
654 2002 733 2091 apud
753 2004 854 2080 Quint.
872 2025 931 2068 non
950 2005 1012 2070 iere
1029 2012 1141 2096 saepius
1158 2032 1251 2099 quom

156 2134 291 2202 praesens
310 2111 355 2176 his
373 2108 545 2193 subjectum
567 2115 613 2168 est
622 2096 662 2186 ⁶).
688 2103 788 2191 Atque
803 2104 893 2169 etiam
913 2115 949 2176 tn
964 2120 1161 2183 nominativo
1179 2142 1252 2184 ,um

156 2226 236 2307 Ins„
263 2214 313 2300 qui
355 2208 476 2291 dicitur,
510 2202 683 2292 usurpando
711 2205 813 2268 verius
839 2203 896 2281 Qu.
924 2204 988 2271 tun.
1039 2207 1079 2275 Ut
1105 2213 1186 2274 euim
1212 2210 1249 2277 ad

156 2311 380 2378 similitudinem
409 2319 572 2372 structurae
599 2307 628 2369 in
655 2302 757 2368 verbis
776 2314 876 2390 dicor,
900 2319 1014 2381 credor
1030 2323 1088 2372 oet.
1107 2308 1252 2376 adhibitae

159 2412 252 2479 muita
266 2409 321 2476 alia
336 2403 583 2482 accommodavit,
593 2417 627 2468 ut
637 2435 746 2495 meyer,
760 2436 868 2497 ponor
883 2419 927 2500 (1,
945 2422 996 2496 10,
1012 2423 1079 2500 33),
1093 2424 1252 2500 ostendor,

158 2527 204 2607 (3,
240 2523 270 2599 6,
306 2521 361 2604 12)
394 2518 612 2603 deprehendar
635 2518 679 2596 (1,
704 2515 734 2591 6,
760 2517 793 2596 7)
818 2503 982 2600 finpor'),
1011 2523 1111 2576 temen
1139 2515 1167 2578 iu
1197 2513 1252 2580 iltis

159 2618 235 2703 ipsis
270 2634 352 2700 saepe
379 2612 450 2677 Ace.
477 2631 546 2674 cum
576 2606 631 2671 tnt.
660 2602 863 2693 usurpavit⁸).
917 2613 1139 2699 Nonnunquam
1168 2612 1252 2680 infin.

159 2717 313 2805 oppositus
329 2724 387 2779 est
415 2729 582 2796 praegresso
610 2705 806 2772 Substantivo
833 2706 882 2773 v'el
909 2713 1089 2798 pronomini,
1115 2710 1168 2779 ubi
1191 2733 1254 2779 ex-

158 2830 280 2901 spectes
306 2832 343 2886 ut
365 2808 412 2876 vel
439 2799 611 2897 gerund.⁹).

228 2994 350 3059 l){Apud
369 2992 421 3042 Cic.
440 3005 587 3041 concernunt
606 2992 643 3038 eet
660 2988 709 3038 inf.
728 2989 800 3054 regit.

228 3078 255 3140 2)
274 3075 395 3126 Suadere
412 3092 470 3126 cum
487 3075 535 3124 Inf.
555 3077 617 3136 conj.
637 3074 705 3137 apud
724 3071 812 3131 Quint.
840 3075 941 3126 videtur
961 3077 1104 3141 significare
1131 3077 1255 3143 openemn

160 3160 214 3196 eece
241 3144 340 3204 dicere,
370 3145 391 3193 si
410 3141 557 3209 quidomffin
576 3142 752 3192 communibus
767 3145 901 3207 praeceptis
920 3146 1029 3195 maxime
1048 3147 1190 3197 adhibitum
1207 3155 1255 3198 est.

227 3230 255 3292 3)
273 3227 371 3280 Meceni
389 3234 415 3278 ct
434 3227 530 3293 dipnee
549 3227 625 3276 etiam
644 3242 702 3276 eum
719 3233 749 3276 nt
766 3235 792 3277 oc
809 3226 856 3294 pei
869 3231 960 3290 junctu
976 3236 1045 3278 suut.

227 3298 256 3361 4)
274 3298 325 3347 ctr.
344 3298 428 3348 Boou.
446 3313 472 3361 p.
490 3295 580 3346 LXIII
598 3301 624 3344 et
643 3296 683 3353 12,
702 3296 727 3354 9,
746 3296 786 3346 10.

229 3366 256 3430 5)
274 3365 325 3415 Cir.
345 3364 370 3422 3,
389 3364 414 3422 6,
433 3364 474 3422 en
494 3365 535 3423 11,
555 3363 639 3421 1‚t›6;
658 3373 747 3414 contra
758 3366 798 3423 12,
815 3360 841 3422 7,
859 3362 884 3413 7.

229 3446 330 3514 6)an
348 3449 402 3498 loco
420 3449 511 3497 offerre
529 3449 591 3498 libet
613 3448 717 3514 memini
739 3463 838 3512 semper
855 3463 912 3496 eum
930 3446 997 3494 Peri.
1016 3447 1065 3497 Inf.
1085 3452 1257 3511 conjunctum.

160 3516 273 3580 Insignis
290 3532 349 3566 vero
367 3523 407 3565 est
424 3516 504 3572 locus,
521 3516 547 3575 8,
564 3514 589 3572 3,
607 3515 639 3564 31
661 3516 775 3579 (memini
787 3513 893 3582 juvenis
907 3519 1046 3564 trecentum
1058 3518 1134 3581 ecee),·
1147 3521 1192 3570 cfr.
1204 3520 1256 3572 cie.

161 3587 192 3635 de
213 3585 271 3635 Seu.
290 3600 312 3634 o.
327 3584 343 3636 9
360 3591 386 3634 et
405 3583 447 3649 Sp.
467 3585 499 3635 uti
517 3583 534 3631 l.
553 3584 598 3632 all.
617 3581 705 3641 Quint.

229 3667 257 3735 7)
276 3669 326 3718 cfr.
346 3670 429 3718 Bonn.
446 3685 471 3733 p.
489 3665 586 3718 LXIV.
628 3665 721 3716 Videei
739 3668 815 3716 etiem
833 3680 891 3717 cum
910 3669 968 3718 Fut.
987 3667 1126 3719 1uf.Pnss.
1146 3674 1182 3724 sie
1199 3689 1259 3724 con.

157 3740 275 3803 jungitur
293 3738 317 3796 9,
336 3738 361 3795 2,
379 3737 421 3787 88.
459 3735 567 3792 Dictus,
584 3733 699 3785 creditne
718 3734 940 3795 10,1‚112‚125.

228 3823 256 3888 8)
275 3822 325 3871 Cir.
354 3821 437 3872 Bonu.
464 3837 488 3884 p.
516 3817 613 3869 LXVI.
659 3820 691 3867 In
716 3817 803 3869 uideri
819 3827 955 3886 utrumque
973 3828 1128 3872 structuram
1146 3825 1261 3876 contudit

162 3890 203 3950 tt),
221 3890 246 3948 2,
266 3890 306 3940 18.
345 3888 420 3950 Quod
442 3890 546 3940 verbum
565 3902 632 3952 eaepo
650 3902 708 3938 cum
726 3889 786 3939 Fut.
810 3888 880 3940 Part.
899 3890 972 3940 Puss.
987 3893 1113 3952 iunctum,
1132 3909 1155 3941 r.
1174 3893 1257 3942 Boun.

159 3959 191 4008 ad
210 3959 257 4091 111)
272 3957 368 4084 611161,
387 4025 411 4083 2,
429 4025 471 4085 31ς
491 4024 516 4083 6,
533 4026 576 4083 44,
595 4026 619 4083 5,
637 4022 663 4083 t,
673 4024 715 4084 32;
727 4031 753 4076 et
765 4040 820 4090 quae
831 4032 914 4076 cetere
925 4025 1014 4076 attulit
1026 4025 1108 4075 Bonu.
1122 4040 1146 4090 p.
1161 4022 1258 4076 thtt.
